3106 3693
1530 128 1602 188 εἴθ

402 290 503 330 men
531 267 894 346 procacissimo
914 275 1231 332 αἰετὼ.νεε·ἰεη
1246 286 1591 355 ‘propteripnm
1626 278 1710 331 loci
1733 284 2100 343 muium,
2104 280 2431 346 Μία
2454 299 2499 334 ἀ
2517 283 2723 346 Caesare,

404 356 765 415 nonfimneaeeo,
778 346 1171 417 scriptumfaibse.
1185 356 1321 410 Qua·
1315 347 1643 401 'emmone
1649 346 2060 434 proffl‘effieifflr}
2086 318 2328 424 εῖτ-’ἦκα
2343 350 2726 416 fl‘fflfflo'q

402 434 503 468 rum
535 431 677 493 genus
705 431 954 485 opponatur
981 424 1222 470 communi
1235 424 1299 468 ini
1328 426 1460 483 atque
1488 425 1681 484 vulgar?
1697 423 1916 493 stipendii
1927 416 2043 469 aucti
2065 424 2295 484 prmo:
2305 419 2552 470 *Getarum
2563 428 2628 471 ef.
2649 427 2720 471 ¹011

393 494 615 551 pecuaria
652 492 788 538 dona
787 494 1043 539 nonmodo
1070 489 1171 539 Oic
1196 493 1346 548 Quint.
1381 495 1433 536 12
1464 485 2418 551 erateipeenmb-iaresanplaetmseicm
2448 487 2721 549 ὀοτόεἶξωῑω

402 561 482 606 sed
508 561 622 606 infra
650 562 777 606 etiam
807 576 842 605 e.
875 564 960 619 59,
983 565 1034 617 2,
1064 562 1139 606 ubi
1167 561 1313 619 Egum
1336 568 1379 606 et
1408 560 1651 606 Raucillum·
1683 560 1849 625 Οεοεαε·
1875 559 1978 604 dicit
2006 575 2033 604 α
2061 569 2109 605 se
2138 561 2377 622 locupletes
2406 575 2463 604 ex
2493 561 2720 621 egentibus

401 629 551 675 factos.
611 629 868 711 Legendum
907 629 1023 675 enim
1060 629 1119 674 ibi
1159 629 1306 688 utique
1346 629 1537 676 videtur:
1577 644 1787 689 aya-oeque
1821 631 1870 673 in
1901 628 2055 674 Gallia
2089 646 2145 674 eoe
2181 627 2365 676 hostibus
2406 639 2554 689 captae
2589 625 2720 698 pmi—

403 698 576 758 miaque‘
604 700 671 742 rei
690 699 992 758 pecuariae
1021 714 1180 757 maqna
1211 698 1432 743 tribuerat.
1491 700 1711 764 Agrorum
1741 704 1794 743 et
1837 699 1901 743 rei
1931 698 2159 778 pecuariae
2190 698 2400 744 vocabula
2429 694 2661 759 aptissime
2676 708 2721 745 et

401 767 516 812 inter
527 783 574 813 se
604 774 649 812 et
677 765 915 813 sententiae
943 767 1218 812 conveniunt.
1262 767 1368 811 Rem
1391 770 1696 827 pecuniariam
1709 781 1920 826 nusquam
1938 767 2110 812 memini
2138 783 2208 815 me
2233 768 2383 837 leg-ere
2405 763 2485 826 pro
2507 770 2719 826 pecuniis,

405 850 550 894 neque
580 836 782 880 credibile
811 843 877 881 est
907 850 1111 896 magnam
1154 836 1325 894 utrique
1360 837 1573 895 pecuniae
1606 850 1823 880 summam
1866 853 1892 880 a
1928 836 2116 881 Caesare
2150 831 2292 880 datam
2327 846 2432 882 esse.
2464 850 2520 870 —'-
2564 834 2720 881 Cicero

403 903 532 948 Rosc.
562 905 663 948 Am.
701 907 759 948 40
771 929 783 961 ,
831 909 913 948 117
944 907 1011 965 rei
1041 906 1329 963 pecuniariae
1364 906 1523 948 socium
1559 904 1692 959 dixit,
1733 910 1941 961 quaestus>
1974 911 2017 948 et
2050 905 2158 949 lueri
2193 905 2439 949 societatem
2472 904 2717 962 designans.

402 972 568 1032 Inopia
597 980 741 1018 autem
770 976 837 1018 rei
855 975 1143 1032 pecuniariae
1173 973 1190 1029 (
1199 988 1267 1031 ep.
1297 972 1351 1015 ad
1376 971 1499 1017 Brut.
1534 976 1571 1027 1,
1599 973 1679 1028 18)
1709 987 1798 1016 non
1826 972 1910 1016 hoc
1949 967 2128 1017 indicat:
2149 973 2310 1021 >nullas
2338 970 2511 1019 omnino
2540 986 2648 1017 esse
2673 974 2718 1016 in

401 1042 572 1088 civitate
592 1044 829 1100 pecunias,
857 1042 935 1087 sed
964 1058 1119 1100 pamm
1149 1041 1371 1086 commode
1402 1041 1598 1100 expediri
1628 1056 1727 1085 eum
1757 1042 1993 1085 marimum
2019 1044 2069 1083 iu
2097 1039 2531 1098 republiea‘nodumg
2549 1043 2612 1097 rei
2640 1055 2717 1100 pe-

406 1110 622 1156 cuniariae
657 1110 960 1157 difficultatem.
1017 1109 1236 1166 Praemia,
1277 1127 1388 1169 quae
1429 1110 1484 1155 ad
1524 1126 1616 1156 rem
1644 1110 1904 1168 pecuariam
1939 1103 2207 1168 pertineant,
2245 1106 2384 1153 varia*
2402 1119 2718 1168 esse‘possunt,

406 1192 584 1239 pascua,
611 1179 754 1236 villae,
783 1179 964 1235 stabula,
993 1180 1184 1239 equaria,
1214 1193 1375 1238 pecora
1403 1179 1498 1239 ipsa
1528 1187 1656 1238 atque
1685 1185 1893 1223 armenta.
1951 1177 2193 1233 Quae‘sint
2221 1178 2429 1236 praemia.
2443 1179 2497 1223 ad
2526 1195 2619 1224 rem
2642 1197 2718 1238 pe-

405 1250 652 1292 cuniariam
679 1249 964 1307 pertinentia,
984 1249 1074 1292 nisi
1104 1249 1315 1307 pecuniae
1345 1249 1488 1306 ipsae,
1516 1248 1674 1291 frustra
1703 1247 1853 1292 laboro
1884 1246 2089 1290 divinare.
2142 1246 2260 1302 Quid
2289 1247 2421 1305 igitur
2450 1254 2537 1291 tam
2565 1249 2713 1294 inflato

411 1315 582 1360 dicendi
611 1330 775 1375 genere
806 1317 951 1376 opus?

1342 1434 1453 1484 Lib.
1490 1434 1586 1484 III.
1624 1449 1665 1483 c.
1700 1435 1781 1482 54.

492 1556 729 1615 Pompejus
769 1565 898 1601 noctu
935 1584 991 1589 —
1029 1558 1082 1599 in
1121 1557 1455 1600 altitudinem
1491 1558 1650 1616 pedum
1689 1556 1930 1615 quindecim
1969 1556 2172 1599 effectis
2210 1557 2411 1615 operibus
2441 1557 2574 1602 vineis
2605 1573 2716 1603 eam

491 1633 696 1683 partem
734 1632 972 1669 castrorum
1011 1626 1223 1680 obtexit,
1263 1633 1307 1669 et
1343 1626 1532 1685 quinque
1570 1625 1815 1669 intermissis
1851 1624 2000 1668 diebus
2038 1624 2216 1668 alteram
2245 1632 2413 1670 noctem
2443 1626 2712 1670 subnubilam

489 1702 638 1737 nactus
679 1696 881 1738 eutr-uotis
928 1695 1124 1739 omnibus
1164 1702 1400 1738 castrorum
1442 1697 1584 1752 portis
1626 1702 1667 1738 et
1719 1694 1774 1737 ad
1817 1694 2137 1753 impediendum
2179 1694 2346 1753 objectis
2386 1724 2440 1742 -ς-
2482 1695 2715 1739 exercitum

493 1762 643 1807 eduxit
673 1771 717 1807 et
744 1778 790 1808 se
819 1763 864 1806 in
899 1764 1095 1822 antiquas
1125 1764 1384 1808 munitiones
1414 1764 1590 1822 recepit.

544 1866 768 1911 Eaetructis
798 1868 890 1912 cod.
921 1867 1090 1923 Haun.;
1130 1868 1235 1911 nihil
1265 1868 1378 1912 enim
1408 1868 1702 1926 Elberlingius
1732 1867 1921 1911 enotavit
1950 1875 2100 1910 contra
2129 1867 2350 1926 vulgatam
2380 1874 2424 1913 et
2454 1868 2508 1913 ab
2540 1867 2718 1914 Ouden-

404 1933 557 1994 dorpio
595 1944 813 1996 receptam
846 1938 1088 1982 lectionem.
1147 1938 1245 1981 Par.
1278 1938 1505 1989 obstruxit,
1544 1937 1664 1980 Leid.
1696 1944 1740 1980 et
1770 1937 1884 1982 Scal.
1917 1937 2148 1980 obstructis.
2209 1937 2306 1980 Hoc
2342 1938 2633 1997 Nipperdeius
2666 1954 2716 1982 ac

400 2013 500 2063 post
530 2021 627 2048 eum
657 2007 920 2050 recentiores
950 2007 1135 2051 editores
1166 2015 1434 2066 receperunt.
1489 2007 1753 2066 Perpetem,
1790 2013 1837 2049 ut
1874 2020 1956 2064 ego
2002 2007 2207 2059 arbitron
2249 2006 2487 2051 videbimus
2523 2008 2636 2052 enim
2672 2008 2716 2051 in

402 2075 514 2118 libro
545 2075 787 2120 Hauniensi
816 2092 963 2120 veram
994 2085 1207 2120 servatam
1239 2092 1331 2119 esse
1362 2078 1600 2119 lectionem.
1662 2076 1778 2129 Quid
1809 2076 2043 2118 obstructae
2064 2085 2239 2132 portae,
2282 2083 2324 2119 et
2359 2076 2532 2134 quidem
2563 2092 2713 2128 omnes,

401 2143 482 2186 sibi
511 2143 666 2198 velint,
696 2159 822 2188 nemo
853 2145 1137 2204 interpretum
1168 2145 1428 2204 explanavit.
1489 2146 1588 2199 Qua
1618 2145 1791 2188 tandem
1821 2145 1901 2186 nisi
1930 2146 2065 2202 portis
2095 2145 2338 2202 patentibus
2369 2145 2565 2188 eduxerit
2586 2145 2714 2188 Pom-

403 2212 528 2270 peius
559 2212 832 2257 exercitum?
873 2213 916 2257 id
947 2230 1029 2272 ego
1060 2230 1147 2258 non
1176 2214 1315 2273 magis
1345 2229 1551 2272 assequor
1582 2229 1710 2271 quam
1737 2211 2082 2271 Oudendorpius.
2133 2212 2295 2257 Vitium
2326 2213 2619 2272 quaerendum
2650 2222 2715 2258 est

402 2280 450 2323 in
483 2283 625 2339 portis
662 2281 764 2341 ipsis
804 2296 891 2327 non
929 2283 972 2326 in
1011 2299 1114 2328 voce
1153 2285 1368 2328 extructis.
1428 2282 1598 2327 Censeo
1636 2282 1767 2341 igitur
1804 2281 2035 2340 legendum
2072 2296 2187 2325 esse:
2236 2285 2489 2326 eoetructis
2525 2283 2715 2327 omnibus

402 2358 640 2395 castrorum
660 2351 924 2410 partibus
955 2360 992 2396 et
1022 2353 1083 2396 ad
1111 2352 1423 2412 impediendum
1453 2352 1683 2396 obtectis.
1749 2349 2042 2410 Explieandus
2078 2357 2221 2395 autem
2256 2350 2375 2396 locus
2410 2351 2470 2395 sic
2497 2359 2582 2397 estt
2619 2369 2716 2397 cum

395 2421 633 2483 Pompejus
673 2422 864 2480 quinque
902 2422 984 2465 illis
1025 2422 1174 2466 diebus
1199 2423 1485 2478 ¹intermissis,
1534 2428 1708 2482 praeter
1747 2435 1842 2465 eam
1881 2435 1994 2480 quae
2033 2420 2144 2464 hosti
2190 2417 2395 2480 oppositav
2431 2428 2524 2465 erat
2560 2417 2716 2467 castro·

403 2505 501 2533 rum
530 2498 724 2548 partem,
755 2492 943 2549 reliquas
974 2507 1144 2551 quoque
1176 2507 1324 2536 omnes
1354 2499 1499 2552 partes
1530 2492 1564 2534 si
1595 2506 1681 2534 non
1712 2491 1806 2549 pari
1836 2490 1962 2533 modo
2003 2490 2072 2547 (in
2103 2490 2371 2534 altitudinem
2400 2491 2561 2550 pedum
2592 2492 2714 2550 quin·

404 2559 540 2621 decim
571 2560 734 2602 effectis
764 2561 996 2619 operibus)
1035 2568 1078 2605 at
1114 2562 1258 2621 paullo
1296 2561 1593 2605 humilioribus
1629 2559 1779 2604 saltem
1828 2559 2029 2619 operibus
2072 2560 2330 2604 extruxisset
2361 2566 2404 2605 et
2432 2560 2511 2605 has
2540 2574 2713 2621 quoque

402 2636 551 2687 partes
580 2643 668 2672 non
698 2630 832 2673 vineis
870 2631 1043 2688 quidem
1081 2632 1135 2674 ad
1176 2631 1566 2690 propugnandum,
1609 2630 1683 2674 sed
1714 2629 1836 2672 vallis
1876 2638 1991 2673 certe
2032 2629 2252 2672 altioribus
2282 2630 2510 2688 loricisque
2541 2645 2595 2674 ex
2626 2645 2715 2674 cra-

400 2698 523 2742 tibus-
545 2698 718 2742 attextis
748 2699 803 2743 ad
838 2700 1158 2759 impediendum
1190 2701 1434 2756 obtexisset,
1466 2708 1608 2744 tamen
1641 2699 1771 2743 satius
1788 2707 1919 2754 ratus,
1949 2699 1992 2741 in
2023 2699 2217 2757 antiquas
2247 2714 2293 2743 se
2323 2699 2580 2744 munitiones
2609 2702 2714 2744 reci-

402 2781 529 2825 pere,
560 2774 787 2825 postquam
818 2769 997 2812 alteram
1027 2778 1195 2813 noctem
1228 2770 1498 2813 subnubilam
1529 2776 1675 2811 nactus
1706 2776 1787 2822 est,
1823 2768 2058 2811 exercitum
2089 2768 2248 2810 eduxit.
2309 2768 2468 2811 Portas
2497 2775 2541 2811 et
2562 2778 2712 2826 partes

405 2836 523 2881 haud
553 2836 689 2881 semel
720 2837 961 2883 confudisse
991 2839 1192 2884 videntur
1222 2838 1383 2884 librarii
1413 2838 1489 2895 (cf.
1519 2837 1740 2883 Drakenb.
1771 2837 1826 2881 ad
1856 2836 1951 2881 Liv.
1982 2836 2063 2893 IV,
2094 2840 2163 2894 46,
2199 2840 2284 2894 6.);
2326 2845 2369 2881 et
2409 2838 2512 2881 mihi
2542 2838 2713 2896 quidem

405 2907 480 2950 vix
510 2906 693 2951 dubitari
724 2921 851 2966 posse
881 2907 1061 2963 videtur,
1092 2909 1197 2966 quin
1227 2909 1356 2953 etiam
1386 2923 1516 2968 supra
1539 2908 1602 2963 II,
1638 2911 1675 2963 1,
1706 2909 1731 2949 2
1764 2906 1994 2966 legendum
2025 2907 2096 2949 sit:
2128 2906 2268 2950 altera
2288 2907 2349 2951 ad
2363 2916 2602 2965 portam,
2628 2924 2714 2966 qua

403 2987 462 3020 est
491 2977 636 3021 aditus
667 2992 720 3020 ecc
753 2976 907 3021 Gallia
937 2986 1061 3037 atque
1090 2977 1330 3036 Hispania.
1389 2977 1501 3022 Nam
1531 2977 1604 3035 qui
1643 2977 1826 3021 navibus
1863 2991 1918 3020 ex
1957 2974 2104 3020 Gallia
2143 2968 2206 3021 et*
2224 2975 2437 3035 Hispania
2473 2977 2715 3031 veniebant,

399 3046 493 3090 sine
523 3045 651 3090 dubio
682 3053 857 3105 portum
887 3047 1127 3106 capiebant,
1159 3062 1248 3092 non
1279 3047 1409 3091 alium
1434 3046 1696 3105 singularem
1722 3061 1772 3090 ac
1795 3045 2018 3105 proprium
2041 3045 2121 3089 sibi
2145 3044 2389 3089 aditum.-
2422 3044 2715 3090 Eoetructae

403 3123 544 3160 autem
575 3117 715 3160 ¹omnes
744 3124 984 3161 castrorum
1004 3126 1156 3174 partes
1186 3125 1317 3175 atque
1348 3117 1592 3160 obtectae
1627 3117 1817 3160 breviter
1852 3109 1933 3159 dici
1975 3122 2192 3174 poterant,
2230 3120 2351 3174 quia,
2388 3115 2602 3174 quomodo
2640 3111 2715 3158 ex-

403 3192 568 3230 tructae
599 3193 727 3244 atque
758 3186 955 3231 obtectae
983 3187 1092 3241 sint,
1129 3200 1183 3230 ex
1225 3186 1576 3231 antecedentibus
1613 3186 1739 3230 facile
1780 3184 2044 3243 intelligitur.
2116 3184 2264 3229 Vineis
2306 3184 2361 3228 ad
2398 3182 2713 3228 defendendum

402 3261 533 3314 atque
561 3254 927 3314 propugnandum
957 3255 1128 3299 obtecta
1158 3263 1251 3299 erat
1280 3270 1381 3314 pars
1412 3261 1647 3299 castrorum
1679 3254 1789 3311 hosti
1821 3253 2053 3308 contraria3
2091 3253 2282 3313 reliquae
2312 3261 2458 3313 partes
2490 3267 2587 3296 cum
2626 3268 2710 3296 non

400 3324 456 3367 ad
486 3313 803 3367 defendendum
829 3324 906 3368 sed
936 3331 1103 3368 tantum
1134 3325 1260 3369 modo
1292 3324 1347 3368 ad
1361 3324 1680 3383 impediendum
1711 3323 2017 3382 perhibeantur
2045 3323 2241 3366 obtectae
2268 3337 2394 3381 lesse,
2424 3322 2635 3380 sequitur,
2665 3331 2712 3364 ut

401 3392 526 3437 vallis
556 3392 681 3438 solito
712 3392 946 3450 altioribus,
975 3408 1064 3438 non
1088 3394 1224 3438 vineis
1255 3390 1395 3452 anue
1426 3393 1566 3438 loricis
1597 3393 1883 3451 pinnarum
1915 3393 2063 3438 serie
2094 3391 2440 3438 intermissis
2470 3392 2638 3435 obtecta
2662 3406 2713 3434 ea

401 3476 536 3522 opera
567 3476 659 3506 esse
689 3469 836 3506 nostro
860 3464 960 3521 jure
991 3478 1219 3507 sumamus.
