3106 3693
1550 160 1616 217 15

429 307 753 361 meconio,
777 291 1056 367 longoalism
1084 308 1524 367 ,nmatione-n,
1553 310 2037 368 comtemptis,
2065 309 2156 354 sive
2191 310 2350 355 bonum
2377 311 2423 356 id
2450 312 2543 357 sive
2576 311 2733 357 melius

428 375 1260 437 ΜΜΜ,Μ
1297 371 2732 459 ωπὴπιὶμιῆωῒοωρυεαᾰαραιᾶναίᾶοοποιιωμιιίᾶ

428 444 513 494 ΜΟ
532 443 816 503 fl'lgnifioetet,
833 445 871 490 si
895 444 1093 505 recipere
1122 444 1344 502 vellem-n,
1371 459 1527 506 patum
1555 445 1705 505 uquet.
1745 446 1894 501 Quare
1922 447 2025 491 mihi
2052 447 2226 506 quidem
2260 463 2349 493 non
2377 450 2588 508 probatur
2615 450 2730 507 ejus·

428 512 526 561 dem
563 512 1077 561 viridoetiemondstio:
1104 514 2044 575 cujuscotidiemeliusswccederetenwun
2071 517 2629 575 praesertimquuml'hil.
2662 521 2729 560 11.

433 585 510 639 15,
530 585 587 631 39
616 592 735 641 aetas
761 584 947 633 mcedit
974 586 1106 630 aetati
1122 598 1209 631 non
1237 583 1367 632 modo
1393 591 1511 633 certa
1538 583 1752 647 quaedam
1782 599 1992 629 annorum
2021 583 2155 635 series
2182 583 2463 644 intelligatur,
2497 584 2573 630 sed
2601 585 2736 631 etiam

428 653 752 710 dativus-casus,
774 668 905 713 quem
931 654 1236 709 desideramus,
1264 654 1399 699 verbo
1420 669 1499 700 suo
1514 655 1741 714 jungatur.
1787 653 1860 698 Ad
1884 661 2041 699 certam
2060 653 2399 700 emendationem
2430 661 2479 698 ut
2503 654 2734 713 pervenire

427 721 660 781 possimus,
687 723 836 783 paullo
863 722 1036 782 longiae
1057 728 1302 782 repetamus
1328 738 1474 768 rerum
1502 724 1830 769 enarrationem.
1888 723 2019 768 Initio
2047 723 2179 784 igitur
2217 723 2368 784 capitis
2405 723 2535 783 hujus
2566 721 2732 770 Caesar

428 805 641 837 suorum
681 791 910 836 militum
959 791 1284 849 patientiam
1332 806 1384 836 ac
1422 792 1702 850 pertinaciam
1742 792 1907 836 duabus
1944 793 2071 836 rebus
2106 792 2413 836 demonstravit
2447 799 2731 837 sustentatam

429 873 545 914 esse3
573 859 761 919 primum
789 859 906 918 quod
934 866 1223 905 maturescere
1250 859 1454 906 videbant
1480 861 1709 914 frumenta,
1738 860 1893 905 deinde
1923 860 2046 918 quod
2059 861 2296 905 miserrima
2318 862 2458 906 omnia
2481 862 2525 906 in
2546 860 2730 920 Pompei

429 927 577 975 castr-is
590 958 604 984 ,
633 942 842 986 equorum
863 935 992 987 atque
1015 929 1308 985 jumentorum
1338 928 1568 983 interitum,
1598 929 1789 987 ipsorum
1819 928 2104 972 valetudinem
2133 944 2220 972 non
2251 930 2421 985 bonam,
2450 945 2587 988 aquae
2617 944 2729 973 sum·

428 1012 544 1044 mam
578 997 768 1056 inopiam
798 1011 855 1042 ex
883 997 1083 1057 perfugis
1107 998 1436 1056 cognoscebant.
1495 997 1598 1043 Jam
1626 1012 1730 1042 vero
1761 996 1925 1042 Caesar
1960 998 2040 1041 sub
2078 997 2209 1042 finem
2250 998 2398 1058 capifis
2446 1006 2637 1042 contra
2666 1014 2730 1043 ea

428 1066 879 1125 Pompejanorum
921 1066 1352 1125 desperationem
1395 1067 1574 1112 multis
1619 1068 1776 1113 rebus
1814 1074 2023 1112 auctam
2060 1067 2552 1122 demonstraturus,
2607 1082 2732 1111 suum

427 1135 664 1181 caenatum
693 1134 796 1178 dicit
823 1135 983 1194 optima
1013 1135 1259 1180 valetudine
1288 1149 1542 1197 summaque
1570 1150 1706 1193 aquae
1735 1136 1859 1194 copia
1888 1150 2010 1181 usum
2041 1150 2121 1179 nec
2151 1142 2324 1194 praeter
2350 1136 2612 1181 fi-umenmm
2641 1134 2733 1179 ullo

428 1211 690 1251 commeatus
716 1218 881 1263 genere
910 1203 1119 1258 caruisse·
1147 1210 1278 1262 atque
1305 1203 1414 1248 adeo
1444 1203 1562 1250 addit
1591 1204 1780 1248 ultimam
1808 1211 1938 1263 atque
1968 1211 2203 1249 extremam
2232 1205 2596 1263 Pompejanorum
2624 1203 2732 1251 mili-

427 1280 519 1318 tum
555 1288 679 1333 spem
718 1287 811 1317 esse
848 1273 1118 1333 profligatam
1165 1287 1217 1316 ea
1261 1286 1332 1328 re,
1369 1288 1498 1335 quam
1534 1273 1730 1333 proximo
1769 1274 1914 1333 priore
1949 1274 2088 1332 capite
2129 1280 2500 1318 commemoratam
2535 1273 2732 1332 legimus.

427 1342 683 1402 Pompejani
721 1342 835 1386 enim
864 1342 1019 1387 famem
1064 1357 1159 1385 cum
1182 1341 1449 1386 Caesarianis
1490 1344 1774 1400 objectarent,
1804 1343 1848 1385 hi
1879 1343 2010 1400 vulgo
2040 1358 2173 1401 panes
2203 1344 2305 1387 istos
2334 1358 2434 1387 suos
2461 1344 2505 1385 in
2535 1357 2608 1386 eos
2633 1342 2732 1385 iaci-

428 1411 574 1467 ebant,
610 1419 657 1455 ut
702 1413 818 1470 spem
858 1428 1000 1456 eorum
1038 1413 1281 1456 minuerem.
1355 1410 1572 1456 Videbant
1609 1411 1739 1471 igitur
1776 1412 2055 1471 Pompejani,
2103 1413 2216 1470 quod
2253 1411 2307 1455 ad
2345 1413 2486 1456 cibum
2521 1412 2733 1466 attineret,

428 1480 582 1525 cotidie
621 1480 773 1526 melius
802 1481 1011 1526 sustinere
1041 1480 1239 1525 Caesaris
1278 1480 1432 1525 milites
1472 1487 1711 1541 temporum
1753 1481 1974 1540 angustias
2014 1481 2222 1540 simulque
2251 1483 2460 1539 majorem
2498 1481 2549 1525 iis
2579 1480 2733 1526 cotidie

481 1565 548 1595 em
578 1550 822 1596 maturitate
851 1550 1164 1596 frumentorum
1191 1549 1390 1610 proponi.
1449 1549 1530 1594 His
1573 1550 1633 1594 ita
1662 1550 1883 1630 explicatis
1914 1550 2027 1594 ultro
2071 1566 2117 1595 se
2159 1551 2286 1605 offert
2321 1565 2426 1594 vera
2461 1551 2545 1594 loci
2588 1564 2731 1595 emen-

426 1565 554 1664 (θίξιίο
586 1618 729 1674 Quam
745 1634 845 1664 ecce
859 1626 1155 1679 praesentem·
1188 1629 1274 1663 tum
1287 1629 1537 1664 commeatus
1568 1622 1682 1663 omni
1706 1635 1857 1679 genere
1876 1629 2055 1678 praeter
2070 1619 2341 1677 frumentum
2371 1619 2641 1673 abundabat,
2671 1634 2733 1662 ac

428 1688 541 1732 cibo
585 1688 736 1732 cotidie
773 1688 922 1733 melius
960 1690 1215 1733 sustineri
1265 1698 1425 1746 tempus
1463 1689 1744 1748 majoremque
1780 1705 1894 1747 spem
1931 1691 2173 1733 maturitate
2198 1689 2518 1746 frumentorum
2538 1690 2731 1746 proponi

427 1756 626 1802 videbant
652 1773 709 1801 sc.
740 1758 803 1801 illi
831 1758 859 1801 i.
889 1773 913 1802 e
932 1756 1201 1817 Pompejani.
1228 1786 1279 1793 -
1310 1756 1440 1801 Haud
1470 1756 1737 1801 mediocriter
1765 1758 1883 1802 favet
1904 1758 2026 1802 nobis
2051 1758 2141 1801 cod.
2173 1773 2227 1802 ex
2252 1757 2309 1801 D.
2334 1758 2487 1814 Vossii‚
2517 1758 2590 1816 qni
2616 1772 2728 1801 com-

426 1826 573 1885 pendii
603 1827 774 1885 signum
804 1827 980 1871 exhibet
1008 1827 1053 1869 in
1089 1842 1195 1871 voce
1231 1825 1421 1871 suthere
1449 1842 1531 1885 pro
1560 1825 1790 1881 subterere3
1829 1826 1874 1869 in
1912 1825 2055 1871 Haun.
2099 1835 2241 1870 autem
2280 1834 2322 1870 et
2351 1825 2472 1870 Leid.
2509 1827 2534 1869 I
2570 1826 2730 1885 legitur

427 1895 676 1941 subm-rere.
706 1922 762 1929 —
792 1896 972 1941 Fractos
1000 1910 1106 1940 vero
1135 1894 1503 1955 PompejAnorum
1532 1896 1694 1940 animos
1723 1911 1820 1941 cum
1837 1896 2007 1955 famem
2034 1896 2060 1939 i.
2095 1912 2132 1941 e.
2165 1896 2246 1940 cibi
2275 1896 2476 1955 inopiam,
2506 1912 2592 1954 qua
2622 1894 2733 1940 Cae-

426 1965 582 2010 sariani
611 1965 870 2021 laborarent,
899 1965 1084 2010 levatam
1114 1964 1321 2021 viderent,
1349 1965 1645 2024 cognoscimus
1674 1966 1801 2010 etiam
1833 1980 1889 2011 ex
1920 1965 2038 2016 Suet.
2057 1965 2181 2010 Caes.
2213 1967 2281 2009 68.
2316 1972 2360 2010 et
2380 1964 2493 2009 Plut.
2520 1964 2645 2010 Caes.
2661 1967 2730 2008 39.

1294 2104 1407 2155 Lib.
1447 2104 1543 2154 HI.
1581 2122 1623 2155 c.
1662 2107 1749 2170 53,
1787 2108 1836 2154 4.

514 2218 835 2276 Cohortemque
864 2224 1012 2278 postea
1041 2218 1200 2278 duplici
1227 2219 1454 2279 stipendio,
1471 2220 1693 2278 frumento
1722 2220 1996 2278 vespesiariis
2024 2219 2361 2278 militaribusque
2398 2218 2520 2263 donis
2558 2217 2730 2279 amplis·

510 2288 615 2331 sime
645 2287 834 2331 donavit.

524 2375 530 2378 ”
565 2379 642 2427 Sic
669 2387 743 2424 aut
758 2381 1032 2439 framentove
1060 2382 1286 2439 speciariis
1316 2381 1450 2426 verba
1478 2380 1681 2426 mendose
1710 2380 1869 2441 scripta
1898 2380 2104 2426 exhibent
2134 2380 2297 2426 codices
2327 2396 2423 2424 mss.
2483 2379 2607 2425 Multi
2636 2380 2729 2425 fue-

425 2457 527 2494 runt
554 2450 600 2493 in
629 2450 714 2494 hoc
741 2450 837 2495 loco
874 2450 1063 2495 virorum
1099 2450 1324 2495 doctorum
1357 2450 1526 2496 labores
1562 2450 1793 2509 variaeque
1827 2450 2078 2511 propositae
2115 2457 2214 2494 sunt
2254 2449 2592 2505 emendationes,
2627 2449 2727 2509 plus

424 2519 620 2562 minusve
649 2519 906 2577 probabiles.
966 2519 1085 2563 Vera
1113 2519 1240 2563 lectio
1269 2519 1462 2563 nondum
1491 2526 1665 2577 reperta
1692 2526 1768 2563 est.
1828 2520 1901 2563 De
1943 2529 2052 2563 veste
2086 2521 2179 2577 jam
2207 2519 2498 2578 Elberlingius
2527 2518 2727 2563 refutavit

425 2602 597 2633 omnem
625 2587 936 2647 suspicionem,
965 2586 1022 2632 de
1054 2588 1236 2632 cibariis
1267 2587 1430 2633 Caesar
1457 2589 1564 2647 ipse,
1593 2588 1811 2633 nominato
1839 2589 2079 2644 humente,
2108 2595 2223 2633 vetat
2251 2603 2496 2647 quenquam
2525 2587 2725 2646 cogitare.

424 2656 580 2717 Neque
611 2658 845 2717 conqiariis
874 2656 1047 2715 quidem
1077 2655 1315 2701 Hofmanni
1343 2664 1419 2702 ant
1437 2660 1710 2716 pecuniariis
1738 2657 1862 2703 donis
1891 2657 2051 2703 Kochii
2080 2664 2123 2704 et
2150 2657 2339 2702 Kraneri
2361 2656 2563 2702 adsentiri
2585 2656 2728 2701 licebit

424 2726 478 2778 ei,
511 2726 586 2784 qni
614 2726 796 2785 duplicis
824 2725 1024 2784 stipendii
1050 2726 1267 2770 mentione
1295 2726 1408 2770 facta
1435 2727 1549 2771 idem
1577 2728 1732 2771 iterum
1760 2727 1833 2772 vel
1861 2727 2015 2772 saltem
2043 2727 2180 2771 simile
2204 2725 2417 2783 quoddam
2441 2739 2579 2783 genus
2600 2740 2726 2784 prae·

423 2793 606 2839 miorum
635 2794 853 2855 designari
889 2809 1042 2854 parum
1080 2801 1227 2854 aptum
1270 2802 1314 2839 et
1343 2795 1417 2838 vix
1445 2795 1669 2854 probabile
1700 2795 1972 2852 judicaverit.
2029 2795 2233 2839 Proxime
2261 2794 2317 2838 ad
2346 2808 2515 2848 verum,
2544 2799 2594 2837 ut
2622 2793 2729 2838 mihi

427 2863 613 2920 videtur,
644 2864 820 2908 accessit
847 2862 1050 2907 Hellerus
1061 2863 1123 2921 ¹³),
1151 2870 1268 2908 recte
1306 2863 1576 2922 praecipiens
1615 2870 1664 2907 ut
1690 2867 1906 2921 pecuaria
1942 2864 2191 2907 militaribus
2220 2864 2341 2907 donis
2380 2878 2406 2906 a
2437 2861 2626 2906 Caesare
2655 2862 2729 2921 ad-

417 2933 571 2992 juncta
600 2948 695 2978 esse
725 2940 974 2977 statuamus.
1025 2932 1161 2992 Atqui
1176 2932 1446 2992 frmnenmm
1476 2932 1601 2978 etiam
1629 2947 1773 2978 nonne
1801 2928 1915 2978 inter
1943 2933 2058 2979 dona
2086 2933 2269 2978 refertur
2298 2947 2326 2975 a
2352 2931 2567 2990 stipendio
2599 2938 2727 2978 aucto

425 3001 742 3048 discernenda?
797 3002 1004 3047 Refertur
1032 3017 1147 3047 sane.
1206 3002 1268 3046 At
1295 3002 1356 3046 sic
1384 3016 1447 3060 ea,
1476 3017 1603 3063 quam
1631 3002 1761 3047 efficit
1788 3002 1994 3049 Hellerus
2020 3028 2075 3035 —-
2105 3002 2310 3061 stipendio
2320 3002 2653 3062 frumentoque
2683 3011 2731 3046 et

424 3072 548 3116 donis
576 3072 728 3133 legens
749 3098 805 3106 —
836 3072 1106 3133 comprobari
1135 3072 1283 3132 nequit
1312 3072 1523 3133 tripartita
1551 3072 1752 3117 orationis
1782 3073 1914 3129 ratio;
1943 3073 2072 3117 immo
2101 3073 2242 3131 potius
2272 3076 2440 3117 donor
2451 3087 2532 3117 um
2561 3087 2729 3133 genera

423 3141 506 3186 tria
534 3142 648 3188 inter
677 3158 725 3188 se
755 3142 924 3188 diversa
951 3141 1129 3186 indicari
1158 3142 1283 3187 facile
1312 3149 1504 3202 apparet.
1563 3143 1716 3202 Itaque
1744 3157 2011 3202 magnopere
2035 3156 2118 3201 ego
2149 3148 2299 3185 auctor
2327 3157 2446 3198 sum,
2475 3150 2525 3187 ut
2547 3143 2728 3188 scribas:

426 3210 593 3269 duplici
618 3201 844 3270 stipendio,
861 3213 1264 3270 frumentariis
1286 3215 1560 3271 pecuariis
1588 3212 1925 3271 militaribusque
1953 3212 2075 3255 donis
2098 3211 2358 3269 amplissime
2382 3213 2572 3257 donavit.
2625 3213 2728 3257 Ete-

423 3278 513 3336 πίω
542 3296 639 3326 cum
668 3281 713 3325 in
743 3280 935 3338 eandem,
972 3297 1103 3340 quam
1122 3280 1341 3338 Hellerus,
1369 3282 1461 3342 ipse
1490 3281 1655 3342 pridem
1679 3281 1842 3325 delatus
1859 3296 1997 3325 essem
2024 3282 2329 3339 conjecturam,
2358 3288 2408 3327 ut
2429 3282 2484 3327 de
2498 3284 2728 3340 pecuaria,

424 3361 512 3393 non
534 3352 800 3406 peomiaria
811 3350 882 3397 vel
906 3350 991 3396 alia
1020 3350 1110 3396 ulla
1138 3350 1366 3397 donatione
1386 3351 1746 3412 interpretandam
1778 3365 1871 3396 esse
1900 3350 2154 3395 sententiam
2182 3351 2503 3408 constituerem,
2531 3351 2637 3396 illud
2666 3359 2729 3397 ta-

494 3496 534 3546 ’)
561 3498 699 3537 Philol.
725 3500 844 3550 vm,
872 3513 908 3550 p.
936 3501 1015 3539 384.
