3106 3693
1532 126 1594 173 11

406 272 581 317 indul.
604 271 738 314 vase.
768 271 858 316 Str.
886 278 931 315 et
957 271 1149 314 Hotom..
1200 270 1536 331 Ondendorpius
1575 272 1789 329 perhibet.
1848 270 2045 315 Ursinus
2073 277 2220 314 autem
2255 271 2348 330 ipse
2384 271 2430 313 in
2459 271 2588 315 Notis
2626 272 2715 316 suis

407 339 854 401 (ed-a‘Jnngoeman)
894 339 1095 395 affirmat-
1117 339 1205 397 legi
1243 339 1290 383 in
1310 339 1602 395 ¹*muninime
1630 355 1728 385 suo.
1747 338 1879 384 libro:
1920 356 1965 383 eo
2005 355 2100 384 onan
2134 357 2165 384 a
2191 339 2244 383 P.
2274 339 2410 384 Pedio
2430 340 2715 398 proditore

409 408 716 469 eun-leym
765 407 896 455 Unde
919 407 1140 469 ‘eqn’dem
1156 406 1316 469 colligo
1344 413 1592 469 corruptum
1620 409 1763 470 potius
1795 424 1925 468 quam
1962 408 2214 455 lacunosum
2253 424 2346 455 esse
2379 408 2543 465 locum,
2582 408 2713 470 atque

406 478 587 538 inipso
622 477 803 523 nomine
835 478 1014 538 proprio
1039 477 1187 524 latone
1221 478 1343 523 ulcus
1370 477 1701 537 gravissimum.
1769 474 1927 536 Neque
1965 477 2080 523 enim
2118 477 2314 535 Vellejus
2351 493 2497 536 neque
2535 478 2713 533 Plinius,

406 561 551 607 neque
579 546 667 593 Dio
696 546 883 608 quidem,
910 546 984 594 uhi
1005 546 1068 594 de
1098 545 1272 594 Milonis
1291 546 1477 593 interitu·
1502 547 1710 603 referunt,
1737 545 1972 607 quidquam
2002 545 2058 592 de
2087 543 2235 592 Pedio.
2293 544 2353 592 Et
2380 545 2508 605 quid,
2538 561 2712 605 quaeso,

405 616 471 662 rei
501 615 631 662 habet
659 623 733 663 aut
761 616 816 671 Q.
846 616 1004 662 Pedius
1029 622 1120 675 ,aut
1157 616 1285 662 missa
1321 616 1437 676 legio
1466 630 1564 662 cum
1592 616 1667 663 illo
1696 616 1850 677 lapidis
1879 616 1967 661 ictu
1998 629 2084 675 quo
2113 615 2245 675 periit
2271 614 2415 661 uilo?
2465 614 2587 661 Nihil
2614 630 2713 675 pro·

407 685 497 729 ficit
523 685 656 745 igitur
684 686 975 730 recentissima
1005 684 1241 728 Hofmanni
1271 699 1387 741 cura,
1418 686 1491 744 qui
1520 687 1631 730 hanc
1660 686 1865 745 proponit
1894 685 2258 731 emendationem:
2290 684 2355 729 Eo
2379 700 2474 730 cum
2503 684 2549 737 Q.
2576 684 2712 729 Pedio

397 763 603 813 praetore
640 756 772 797 missa
809 753 981 812 leq-ione.
1041 752 1184 807 Quam
1221 751 1474 797 brevissime
1505 754 1667 798 Caesar
1702 754 1785 798 hac
1825 755 2036 800 sententia
2073 754 2246 798 Milonis
2282 754 2444 798 exitum
2479 755 2709 810 funestum,

411 829 461 866 ut
488 829 640 883 postea
669 821 826 877 Coelii‚
867 833 1204 884 commemorare
1234 821 1348 877 vult,
1377 821 1603 880 locumque
1635 822 1925 877 emendaturi,
1956 822 2160 880 quidquid
2191 823 2244 865 ab
2275 835 2327 865 eo
2356 823 2578 883 proposito
2607 823 2709 866 alie-

406 905 511 939 num
542 897 619 946 est,
643 891 745 950 jure
774 889 971 950 ridemur
1000 889 1242 933 excludere.
1303 888 1525 952 Negamus
1554 890 1686 948 igitur
1714 889 1845 932 Pedii
1872 904 2032 933 nomen
2061 891 2316 948 genuinum,
2346 905 2555 949 negamus
2575 906 2709 950 prae-

407 969 537 1008 torem
566 959 875 1018 incorruptum,
905 958 1107 1017 leqionem
1136 958 1349 1017 integram
1380 974 1474 1004 esse
1503 965 1546 1002 et
1575 958 1700 1001 missa
1729 959 1883 1001 lacuna
1913 958 1973 1001 sic
2003 973 2224 1001 censemus
2254 959 2386 1002 verba
2408 958 2603 1017 scriptori
2632 976 2709 1002 sua

411 1018 678 1073 restituenda
707 1026 800 1073 esse
829 1034 877 1072 ut
905 1026 1118 1087 legamus:

503 1108 610 1164 Ubi
640 1125 753 1169 eum
784 1102 851 1153 ad
877 1108 1131 1167 oppidum
1150 1109 1400 1165 prodiret
1431 1108 1583 1158 Milo,
1614 1108 1762 1165 lapide
1790 1110 1898 1153 ictus
1928 1125 1981 1151 ex
2010 1126 2131 1152 muro
2151 1110 2298 1165 periit.

546 1188 671 1242 Quae
700 1188 818 1238 haud
850 1188 910 1231 ita
939 1189 1132 1245 graviter
1160 1188 1467 1246 depravatione
1497 1189 1651 1232 affecta
1680 1204 1775 1232 esse
1805 1189 2039 1247 intelliges,
2074 1189 2110 1232 si
2139 1190 2183 1231 in
2214 1188 2359 1232 codice
2388 1197 2632 1232 nostrorum
2660 1188 2709 1231 li·

406 1259 583 1304 brorum
612 1266 793 1319 parente
824 1258 1083 1302 concesseris
1113 1256 1304 1318 potuisse
1334 1257 1420 1318 legi
1449 1258 1510 1302 sic
1538 1258 1714 1318 scripta:
1783 1250 1785 1252 ’

464 1334 493 1383 ir
524 1355 634 1385 cum
666 1356 693 1384 a
723 1338 784 1383 do
814 1338 962 1383 Pede
990 1338 1209 1397 pridore
1240 1346 1324 1383 tm1
1353 1339 1418 1384 lo.

546 1419 618 1464 Ex
647 1419 730 1463 bac
759 1418 871 1463 enim
902 1418 1132 1476 scriptura,
1168 1418 1211 1461 in
1254 1436 1340 1476 qua
1370 1420 1512 1463 omnia
1540 1426 1679 1474 recte,
1720 1420 1802 1463 nisi
1832 1420 1946 1477 quod
1977 1438 2000 1464 ο
2031 1426 2074 1463 et
2102 1421 2121 1462 i
2149 1419 2194 1462 in
2224 1435 2328 1462 voce
2351 1419 2539 1475 prodire
2562 1418 2708 1462 sedem

404 1488 519 1535 inter
546 1503 594 1533 se
624 1492 865 1542 mutarunt,
896 1486 1099 1532 facillime
1129 1486 1307 1532 librariis
1337 1487 1573 1533 extiterunt
1604 1505 1748 1534 omnes
1778 1504 1882 1544 eae,
1912 1504 2024 1546 quae
2053 1493 2279 1542 notantur,
2318 1486 2454 1532 falsae
2482 1485 2706 1541 lectiones3

407 1572 508 1604 nam
537 1563 585 1602 ut
612 1555 780 1615 reliqua
806 1555 1160 1612 transmittamus,
1196 1555 1270 1602 ubi
1299 1555 1484 1615 primum
1525 1563 1610 1601 tm1
1649 1573 1728 1615 pro
1768 1572 1881 1602 cum
1911 1563 1975 1603 est
2011 1563 2254 1615 acceptum,
2290 1554 2338 1600 lo
2374 1554 2597 1601 videbatur
2633 1569 2706 1602 nc-

411 1626 596 1673 ceseario
647 1624 946 1685 compendium
994 1640 1087 1671 esse
1127 1640 1207 1685 pro
1244 1624 1405 1683 leyio,
1441 1641 1552 1684 quae
1599 1633 1776 1685 propter
1825 1626 2186 1686 praepositionem
2229 1640 2331 1670 casu
2371 1624 2557 1669 ablativo
2604 1639 2707 1670 exa·

403 1695 541 1740 randa
571 1700 694 1738 esset.

1225 1798 1337 1848 Lib.
1374 1798 1470 1847 ΠΙ.
1508 1816 1548 1849 0.
1588 1803 1678 1864 25,
1720 1803 1743 1849 1
1768 1803 1891 1849 —3.

492 1912 618 1958 Multi
641 1913 733 1971 jam
763 1925 931 1956 menses
961 1918 1084 1956 erant
1113 1918 1156 1956 et
1184 1912 1319 1955 hiems
1349 1898 1722 1972 praecipitaverat,
1751 1927 1894 1972 neque
1922 1912 2152 1956 Brundisio
2182 1925 2315 1956 naves
2344 1912 2620 1970 legionesque
2649 1911 2705 1954 ad

493 1980 725 2026 Caesarem
754 1981 997 2025 veniebant.
1056 1981 1125 2024 Ac
1153 1980 1388 2025 nonnullae
1417 1982 1511 2039 ejus
1533 1981 1595 2025 rei
1620 1982 1944 2041 praetermissae
1968 1981 2212 2025 occasiones
2237 1980 2412 2024 Caesari
2436 1980 2706 2035 videbantur,

492 2050 609 2109 quod
639 2057 757 2094 certe
783 2065 915 2110 saepe
958 2050 1169 2093 flaverant
1211 2050 1350 2105 venti,
1388 2051 1541 2109 quibus
1570 2051 1808 2094 necessario
1839 2050 2186 2093 committendum
2217 2049 2496 2092 existimabat.
2556 2048 2705 2101 Quan-

492 2127 624 2178 toque
651 2121 747 2177 ejus
774 2120 958 2178 amplius
987 2126 1256 2178 processerat
1285 2120 1501 2178 temporis,
1531 2127 1649 2163 tanto
1680 2127 1802 2163 erant
1831 2120 2058 2163 alacriores
2081 2119 2138 2163 ad
2168 2118 2378 2162 custodias
2401 2118 2475 2176 qui
2498 2117 2704 2161 classibus

490 2195 734 2247 praeerant,
762 2189 1059 2246 majoremque
1089 2188 1288 2232 fiduciam
1322 2188 1580 2247 prohibendi
1610 2189 1842 2245 habebant,
1872 2196 1915 2233 et
1945 2188 2105 2233 crebris
2133 2187 2314 2246 Pompei
2340 2186 2492 2231 litteris
2523 2186 2704 2245 castiga-

489 2258 662 2314 bantur,
699 2257 900 2316 quoniam
937 2257 1076 2316 primo
1112 2258 1356 2302 venientem
1388 2257 1620 2302 Caesarem
1660 2273 1745 2312 non
1775 2258 2114 2317 prohibuissent,
2156 2263 2203 2301 ut
2239 2256 2428 2315 reliquos
2457 2257 2552 2314 ejus
2580 2271 2702 2301 exer-

487 2328 595 2372 citus
623 2326 892 2386 impedirent.
952 2326 1202 2386 Duriusque
1234 2328 1385 2373 cotidie
1410 2334 1577 2387 tempus
1607 2327 1660 2371 ad
1689 2327 2068 2391 transportandum
2105 2326 2338 2371 sevioribus
2368 2326 2506 2370 ventis
2536 2340 2699 2382 exspec-

487 2396 619 2442 tabat.
679 2396 847 2451 Quibus
878 2396 1007 2441 rebus
1034 2401 1254 2461 permotus
1286 2395 1449 2443 Caesar
1476 2396 1750 2441 Brundisium
1780 2396 1836 2441 ad
1865 2411 1965 2441 suos
1995 2396 2185 2454 severius
2215 2394 2383 2453 scripsit
2411 2408 2446 2437 c.
2477 2409 2517 2452 q.
2548 2409 2580 2437 s.

537 2475 768 2536 Integrum
798 2476 1004 2536 exscripsi
1033 2476 1187 2532 locum,
1217 2491 1302 2536 quo
1332 2475 1496 2520 facilius
1527 2492 1578 2521 ea
1594 2491 1701 2535 quae
1729 2476 1775 2521 in
1800 2484 1966 2521 textum
1981 2492 2037 2520 ex
2066 2475 2280 2520 lenissima
2309 2473 2528 2518 curatione
2556 2473 2699 2518 statim

406 2544 648 2605 recepimus
674 2544 909 2597 ‚emendata
946 2545 1040 2605 ipso
1076 2545 1381 2589 sententiarum
1411 2561 1526 2590 nexu
1566 2544 1860 2589 defendantur.
1920 2544 2153 2606 Tripartita
2182 2543 2342 2605 quippe
2372 2557 2594 2587 causarum
2624 2557 2698 2586 ex·

401 2614 594 2673 planatio
626 2620 710 2668 est;
754 2614 876 2672 cujus
915 2613 1089 2672 quidem
1123 2614 1439 2673 explanationis
1476 2614 1620 2674 primo
1660 2614 1849 2657 membro
1880 2613 2123 2657 continetfir
2158 2612 2287 2654 nimia
2313 2612 2494 2654 Antonii
2520 2611 2698 2665 incuria,

403 2681 595 2725 secundo
616 2681 973 2740 Pompejanorum
1004 2688 1129 2724 aucta
1158 2682 1393 2740 vigilantia,
1422 2683 1548 2724 tertio
1578 2682 1706 2740 ipsius
1726 2681 1927 2725 Caesaris
1956 2697 2043 2724 non
2072 2697 2208 2723 vanus
2237 2681 2373 2722 timor.
2434 2679 2544 2721 Inde
2566 2679 2698 2737 igitur

399 2752 642 2794 severiores
673 2752 872 2795 Caesaris
889 2752 958 2793 --ad
988 2766 1087 2794 suos
1116 2752 1295 2794 litterae.
1354 2751 1455 2794 Jam
1484 2767 1589 2795 vero
1619 2767 1673 2794 ex
1702 2766 1754 2794 ea
1783 2752 1984 2794 orationis
2014 2751 2243 2807 partitione
2278 2750 2493 2805 sequitur,
2529 2749 2697 2803 majore

398 2817 745 2878 interpunctione
785 2818 1133 2878 distinguendum
1170 2833 1263 2863 esse
1304 2819 1416 2864 inter
1444 2820 1693 2877 impedirent
1732 2826 1776 2863 et
1811 2818 2081 2877 Duriusque,-
2116 2833 2167 2862 ac
2202 2817 2329 2861 tertii*
2353 2816 2482 2873 hujus
2518 2816 2700 2860 membri

400 2888 584 2933 verbum
613 2888 886 2948 aspectabat
924 2888 1072 2945 (codd.
1107 2887 1265 2933 habent
1295 2888 1619 2947 exspectabant)
1657 2903 1803 2933 rursus
1842 2888 1897 2932 ad
1938 2886 2170 2933 Caesarem
2209 2885 2483 2932 referendum
2517 2900 2612 2931 esse
2650 2892 2699 2930 ut

399 2962 504 3002 ante
531 2958 680 3017 paullo
710 2959 993 3003 eoeiatimabat.
1045 2957 1248 3016 Denique
1277 2973 1374 3002 cum
1400 2959 1553 3003 durius
1575 2973 1662 3002 non
1683 2957 1758 3002 fiat
1780 2964 1948 3016 tempus
1972 2957 2201 3001 lenioribus
2223 2956 2374 3011 ventis,
2401 2955 2700 3014 recipiendum

394 3025 483 3071 levi
510 3027 747 3073 mutatione
775 3034 860 3073 est:
890 3027 1134 3073 senioribus.
1178 3026 1248 3072 Cf.
1278 3028 1319 3071 b.
1348 3042 1393 3086 g.
1421 3027 1519 3083 ΠΙ,
1552 3029 1603 3071 13
1634 3042 1727 3071 cum
1752 3028 1965 3070 saevire
1988 3033 2133 3079 ventus
2159 3019 2366 3082 coe-pinet.
2418 3023 2510 3069 Cic.
2534 3026 2627 3069 Att.
2642 3024 2698 3079 V,

403 3095 470 3137 12.
528 3094 640 3140 Inde
669 3094 869 3155 Gyarum
898 3113 1060 3142 saevo
1089 3105 1220 3148 vento,
1249 3112 1334 3140 non
1364 3097 1553 3140 adverso.
1611 3096 1763 3152 Neque
1792 3095 2071 3153 praecipitata
2094 3094 2233 3137 hieme
2250 3094 2437 3138 leniores
2459 3094 2592 3149 venti,
2620 3094 2698 3137 sed

399 3162 674 3210 turbulentae
718 3179 770 3209 ac
808 3178 965 3216 saevae
1004 3166 1083 3211 sub
1123 3164 1439 3223 aequinoctium
1468 3178 1648 3209 vernum
1677 3163 1988 3221 exspectandae
2024 3169 2150 3208 erant
2184 3168 2477 3221 tempestates.
2533 3162 2696 3207 DurIus

397 3237 543 3279 autom
572 3232 642 3277 hic
670 3241 850 3279 vocatur
877 3240 1046 3293 tempus
1073 3234 1227 3280 eodem
1257 3235 1350 3279 fere
1378 3248 1505 3279 sensu
1519 3265 1531 3289 ‚
1568 3246 1652 3292 quo
1686 3245 1721 3274 c.
1762 3235 1839 3288 15,
1876 3234 1901 3275 3
1930 3231 2116 3291 legimus
2153 3231 2475 3290 difficilioribus
2503 3233 2573 3276 usi
2600 3240 2696 3273 tem·

533 3368 703 3416 Novam
735 3370 974 3418 Hofmanni
1003 3371 1366 3419 emendationem:
1396 3372 1672 3431 cupidineque
1694 3369 1846 3415 cotidie
1871 3380 2043 3429 tempus,
2075 3369 2138 3416 ad
2159 3370 2545 3430 &anepos-tandum
2568 3368 2697 3414 lenio·

400 3437 520 3483 ribus
549 3442 695 3495 ventis,
725 3441 1004 3501 eaepeetabant
1032 3469 1088 3475 —-
1120 3440 1388 3503 comprobari
1416 3455 1543 3502 posse
1572 3455 1660 3486 non
1682 3439 1798 3484 duxi.
1845 3439 2016 3485 Vereor
2039 3439 2168 3497 enim,
2198 3446 2246 3485 ut
2264 3440 2366 3485 satis
2390 3438 2696 3486 rectedicatur

2217 3512 2275 3552 28
