3106 3693
1508 131 1573 199 12.»

1265 297 1804 391 Libmc4f3

476 424 638 497 Atquel
651 420 699 482 ut
727 430 867 482 nostri*
892 437 1123 498 perpetuas
1151 436 1412 482 munitiones
1441 437 1643 482 videbant
1669 439 1899 497 perductas
1927 455 1984 482 ex
2009 442 2226 484 castellis
2212 457 2258 484 ιιι
2280 443 2478 500 proxima
2501 444 2690 498 castella,

477 522 533 553 ne
563 522 649 567 quo
678 506 774 554 loco
804 514 1081 567 erumperent
1109 505 1369 567 Pompejani
1398 522 1450 551 ac
1478 514 1647 552 nostros
1684 515 1785 567 post
1824 515 1995 566 tergum
2032 508 2324 565 adorirentur,
2365 511 2586 562 timebant,
2629 512 2690 554 ita

476 575 539 621 illi
566 576 770 623 interiore
798 576 934 638 spatio
963 583 1194 637 perpetuas
1225 575 1481 630 munitiones
1505 576 1773 634 efficiebant,
1812 592 1868 624 ne
1899 592 2027 637 quem
2050 577 2192 623 locum
2216 579 2352 665 nostri
2375 579 2537 637 intrare
2560 586 2691 637 atque

477 647 592 730 ipsos
623 663 649 692 a
676 654 801 707 tergo
831 646 1138 691 circumvenire
1167 653 1356 705 possent.

507 800 510 802 v
530 725 653 806 Idem
681 751 854 808 utrique
881 749 1150 808 propositum
1177 749 1398 798 habebant
1420 756 1550 807 atque
1573 754 1835 809 spectabant,
1862 768 1919 797 ne
1942 768 1969 796 a
1982 760 2106 812 tergo
2131 729 2550 797 circumvenirentur.
2595 752 2690 797 Sed

391 819 646 888 Pompejani
669 819 877 880 ¹operibns
909 817 1160 875 vincebant,
1200 816 1315 875 quod
1346 817 1550 872 interiore
1585 820 1723 878 spatio
1752 821 1959 865 minorem
1989 822 2208 866 circuitum
2236 823 2464 867 habebant.
2524 820 2690 866 Caesar

392 897 535 934 autem
564 888 800 948 permultos
830 887 966 932 editos
995 894 1124 946 atque
1155 901 1329 945 asperos
1360 885 1503 943 colles,
1534 888 1608 945 qui
1638 889 1796 933 circum
1826 897 1965 934 castra
1991 890 2170 949 Pompei
2194 898 2329 946 erant,
2359 891 2543 950 primum
2566 904 2690 950 prae—

391 958 509 1017 sidiis
530 958 719 1005 tenuit
748 956 1009 1017 castellaque
1038 955 1096 1000 ibi
1127 956 1374 1000 communit.
1406 956 1482 1011 (cf.
1513 971 1548 999 c
1579 959 1674 1012 43.)
1732 959 1802 1003 Ac
1834 960 1924 1016 jam
1958 959 2058 1004 inde
2098 974 2154 1004 ex
2191 960 2365 1004 castello
2395 961 2438 1002 in
2469 960 2691 1004 castellum

324 1042 328 1045 ·
391 1009 598 1095 perducta
625 1027 859 1072 munitione
895 1023 1216 1071 circumvallare
1254 1022 1514 1085 Pompejum
1558 1026 1817 1083 instituerat,
1854 1043 1998 1087 neque
2036 1044 2139 1075 vero
2170 1044 2303 1089 opera
2332 1044 2409 1074 sua
2437 1028 2692 1088 perfecerat.

393 1093 494 1154 Quo
513 1097 665 1162 magis
703 1093 989 1154 necessarium
1037 1095 1077 1140 ei
1122 1100 1215 1140 erat
1251 1094 1471 1155 praesidiis
1509 1103 1657 1141 tenere
1702 1104 1911 1155 quantum
1951 1114 2098 1143 earum
2137 1099 2420 1143 munitionum
2455 1098 2695 1157 perfectum

394 1165 515 1224 erat,
544 1182 600 1211 ne
630 1158 905 1238 Pompejani
914 1179 1013 1208 suos
1052 1164 1276 1224 eruptione
1305 1164 1420 1207 facta
1467 1172 1566 1224 post
1603 1172 1774 1229 tergum
1803 1167 1962 1211 adoriri
1997 1175 2183 1227 possent.
2242 1167 2358 1212 Hinc
2392 1167 2496 1211 mihi
2533 1167 2696 1212 leniore

392 1199 604 1280 medicina
632 1230 843 1295 corruptis
873 1224 1064 1277 codicum
1094 1233 1235 1276 verbis
1265 1232 1603 1277 subveniendum
1624 1235 1805 1293 videtur,
1835 1250 1963 1296 quam
1995 1252 2080 1296 qua
2104 1237 2242 1281 adbuc
2266 1237 2449 1281 editores
2474 1236 2544 1279 vel
2565 1236 2698 1279 inter-

395 1312 541 1365 pretes
571 1303 830 1349 emendandi
855 1319 986 1347 causa
1015 1302 1079 1347 usi
1110 1309 1222 1346 sunt
1280 1301 1436 1361 Neque
1466 1303 1579 1347 enim
1610 1305 1806 1349 timebant
1846 1306 2148 1365 expellendum
2183 1307 2257 1351 sed
2297 1308 2341 1349 in
2377 1307 2569 1349 tenebant
2602 1320 2694 1348 mu-

393 1373 570 1418 tandum
599 1380 642 1418 et
679 1388 761 1434 pro
790 1373 991 1417 videbant
1030 1371 1301 1416 scribendum
1343 1386 1499 1416 censeo
1537 1374 1593 1416 iis
1631 1373 1787 1418 diebus.
1850 1374 1924 1420 Sic
1952 1383 2007 1420 et
2040 1376 2273 1420 sententiae
2309 1383 2353 1419 et
2391 1372 2696 1419 constructioni

394 1443 624 1489 verborum
653 1448 755 1502 apta
783 1441 945 1488 omnia:
974 1441 1115 1501 Atque
1143 1450 1189 1486 ut
1218 1442 1354 1485 nostri
1375 1451 1609 1501 perpetuas
1637 1445 1906 1497 munitiones,
1943 1447 2015 1489 iis
2055 1445 2234 1489 diebus
2265 1445 2501 1503 perductas
2541 1459 2594 1486 ex
2624 1459 2694 1486 ca-

393 1499 524 1555 stellis
553 1513 601 1556 in
619 1513 830 1571 promima
862 1510 1050 1564 castella,
1080 1526 1135 1554 ne
1163 1526 1243 1570 quo
1276 1509 1364 1555 loco
1396 1522 1658 1571 erumperent
1684 1512 1939 1573 Pompejani
1968 1531 2020 1558 ac
2049 1524 2209 1559 nostros
2229 1523 2331 1572 post
2359 1523 2521 1572 terqum
2551 1512 2695 1556 adori-

393 1590 553 1634 rentur,
586 1581 853 1633 tenebant,
887 1581 950 1625 ita
980 1579 1049 1623 illi
1080 1585 1158 1624 etc.

534 1672 745 1718 Confusas
775 1678 900 1717 uoces
930 1690 946 1716 z
957 1690 973 1716 τ
970 1672 1013 1731 s
1008 1672 1040 1717 d
1048 1674 1065 1715 i
1077 1672 1131 1715 eb
1145 1671 1214 1730 us
1245 1671 1442 1716 facillime
1472 1672 1514 1715 in
1544 1690 1561 1715 ι
1572 1690 1590 1715 ἰ
1586 1672 1627 1731 s
1622 1674 1652 1716 d
1659 1674 1737 1718 iel>
1747 1693 1775 1718 a
1790 1686 1806 1718 t
1835 1683 1964 1734 atque
1994 1675 2092 1720 inde
2122 1676 2164 1718 in
2195 1676 2397 1719 uidebant
2413 1675 2593 1718 transire
2617 1689 2693 1732 po·

394 1742 523 1789 tuisse
555 1743 763 1788 existimo.

1276 1863 1388 1914 Lib.
1427 1863 1522 1913 ΠΙ.
1561 1881 1601 1914 c.
1640 1864 1730 1927 48,
1772 1865 1819 1911 1.

491 1986 571 2030 Est
600 1986 724 2031 etiam
755 2001 894 2045 genus
923 1986 1077 2029 radicis
1106 1987 1327 2031 inventum
1356 1989 1410 2032 ab
1437 1988 1506 2043 iis,
1543 1988 1616 2046 qui
1632 1988 1819 2045 fuerant
1847 1986 2081 2039 valeribue‚
2122 1988 2237 2045 quod
2273 1988 2516 2045 appellatur
2551 1987 2695 2039 chara,

483 2055 598 2115 quod
628 2054 861 2099 admixtum
891 2054 1001 2098 lacte
1031 2055 1213 2100 multum
1244 2056 1433 2115 inopiam
1462 2056 1643 2100 levabat.

534 2147 714 2191 Frustra
743 2147 929 2206 suscepti
960 2147 1100 2191 adhuc
1125 2163 1271 2192 omnes
1296 2149 1483 2193 omnium
1512 2149 1557 2191 in
1578 2149 1660 2192 hoc
1682 2149 1776 2192 loco
1802 2148 2070 2193 emendando
2095 2149 2275 2192 labores.
2322 2147 2426 2203 Nec,
2450 2148 2486 2190 si
2508 2145 2697 2191 Kraneri

393 2216 556 2275 judicio
585 2231 837 2276 pareamus,
867 2231 1027 2260 novum
1075 2217 1211 2260 ullum
1248 2218 1488 2277 periculum
1518 2217 1599 2262 erit
1626 2216 1877 2262 faciendum.
1936 2217 1984 2261 Is
2013 2218 2125 2261 enim
2156 2232 2345 2273 omnem,
2388 2216 2698 2276 qualiscunque

395 2286 448 2329 sit
476 2286 634 2340 futura,
664 2286 866 2330 incertam
897 2286 1093 2344 promisit
1128 2302 1179 2329 ac
1208 2286 1380 2329 dubiam
1409 2287 1503 2331 fore
1533 2286 1884 2330 emendationem.
1944 2287 2005 2329 At
2034 2288 2094 2328 nil
2132 2286 2465 2345 desperandum,
2505 2286 2541 2327 si
2568 2285 2696 2328 modo

402 2361 524 2399 caute
553 2361 683 2413 atque
714 2355 1018 2413 circumspecte
1051 2356 1328 2413 conjecturae
1358 2355 1651 2399 necessitatem
1680 2370 1922 2414 sequamur.
1981 2356 2147 2410 Quodsi
2187 2364 2272 2398 tam
2309 2355 2429 2398 multi
2469 2355 2550 2397 viri
2579 2354 2694 2397 docti

396 2431 674 2479 erraverunt,
704 2424 863 2469 factum
892 2423 936 2468 id
967 2431 1031 2468 est
1072 2432 1146 2468 aut
1187 2424 1305 2484 quod
1340 2424 1806 2485 plusquamperfectum
1826 2425 2017 2483 fuerant
2055 2432 2170 2469 recte
2207 2425 2367 2469 habere
2394 2432 2467 2468 aut
2496 2423 2611 2483 quod
2641 2423 2696 2468 de

397 2494 649 2538 oleribus
681 2494 860 2553 cogitari
888 2510 1016 2553 posse
1046 2495 1126 2538 sibi
1155 2504 1475 2554 persuaserunt.
1536 2494 1626 2540 Sed
1662 2494 1766 2537 nihil
1805 2495 1978 2538 omnino
2013 2510 2095 2538 nec
2123 2495 2206 2538 loci
2234 2510 2313 2538 nec
2341 2494 2542 2553 temporis
2565 2493 2698 2537 habet

396 2578 482 2622 quo
511 2563 725 2608 referatur
753 2563 859 2607 illud
887 2564 1096 2623 fuerant5
1131 2563 1214 2609 hoc
1247 2571 1391 2609 autem
1421 2592 1478 2600 —
1508 2564 1602 2645 quis
1631 2579 1820 2623 unquam
1849 2564 1950 2608 satis
1988 2564 2133 2609 credat
2171 2563 2398 2609 Caesarem
2438 2563 2696 2623 scripturum

395 2634 525 2677 fuisse
555 2634 672 2691 quod
700 2633 770 2677 vel
800 2633 968 2679 culinae
997 2634 1069 2677 vel
1097 2634 1160 2677 rei
1190 2634 1375 2678 rusticae
1405 2636 1633 2678 convenire
1662 2634 1907 2677 videretur?
1954 2635 2071 2690 Quid
2102 2642 2244 2677 autem
2272 2634 2406 2678 refert
2428 2633 2549 2688 scire,
2578 2647 2687 2691 quo-

396 2718 493 2747 cum
524 2703 810 2761 potissimum,
840 2709 983 2747 utrum
1015 2719 1110 2747 cum
1149 2703 1319 2747 Valerw
1348 2720 1405 2748 an
1434 2705 1519 2749 alio
1549 2704 1734 2784 quolibet
1762 2704 1853 2747 sive
1883 2704 1991 2749 duce
2020 2705 2111 2747 sive
2151 2703 2434 2747 commilitone
2469 2703 2568 2745 olim
2606 2703 2699 2746 fue-

395 2772 494 2828 rint,
525 2779 599 2817 aut
627 2788 714 2831 quo
743 2773 839 2818 loco
870 2772 985 2828 olim,
1016 2779 1158 2817 utrum
1188 2773 1233 2816 in
1265 2773 1448 2818 vallibus
1479 2789 1536 2818 an
1565 2774 1609 2817 in
1638 2772 1863 2830 montibus,
1893 2774 2053 2817 fuerint
2082 2773 2155 2832 qui
2183 2780 2272 2816 tum
2301 2772 2344 2814 id
2373 2786 2511 2830 genus
2541 2771 2697 2815 radicis

396 2842 687 2886 invenerunt?
740 2842 838 2886 Hoc
868 2842 1137 2900 requirimus,
1170 2858 1255 2900 quo
1287 2858 1388 2886 casu
1417 2843 1479 2886 illi
1510 2843 1579 2887 ‘vel
1603 2858 1685 2901 quo
1709 2842 1907 2886 fortunae
1930 2842 2136 2886 beneficio
2162 2841 2225 2903 usi
2255 2841 2506 2884 invenerint.
2550 2842 2700 2899 Atque

396 2912 479 2955 hoc
508 2911 649 2955 statim
679 2912 993 2971 intelligemus,
1021 2912 1093 2955 ubi
1123 2912 1665 2972 primumcognoverimus
1704 2927 1789 2970 quo
1829 2911 2005 2955 consilio
2036 2911 2184 2954 castris
2216 2910 2484 2954 Caesarianis
2514 2911 2700 2955 exierint

397 2982 552 3040 quibus
581 2981 817 3026 debebatur
851 2981 964 3027 istud
1006 2982 1310 3041 qualecunque
1347 2982 1520 3041 inopiae
1561 2982 1856 3026 levamentum.
1915 2980 2017 3025 Jam
2056 2995 2160 3024 vero
2189 2979 2363 3023 dubium
2402 2995 2497 3025 esse
2526 2981 2701 3025 omnino

400 3065 489 3095 non
519 3057 673 3109 potest,
704 3051 805 3109 quin
832 3067 858 3094 a
887 3051 1093 3096 militibus
1110 3052 1332 3096 inventum
1349 3052 1403 3096 sit
1430 3052 1481 3096 iis
1511 3052 1584 3111 qui
1613 3057 1684 3094 aut
1711 3049 1947 3110 pabulandi
1977 3057 2049 3093 aut
2076 3048 2362 3093 frumentandi
2384 3064 2514 3093 causa
2539 3051 2702 3095 emitte·

397 3120 567 3164 bantur.
627 3117 793 3165 Ceteris
824 3120 960 3176 enim,
992 3121 1065 3180 qui
1096 3122 1142 3164 in
1174 3121 1322 3166 castris
1354 3122 1693 3174 continebantur,
1731 3133 1858 3163 nemo
1894 3118 2089 3163 tribuerit
2116 3118 2222 3161 illud
2252 3118 2487 3165 inventum.
2548 3119 2701 3174 Quid?

397 3188 433 3231 si
461 3189 505 3232 id
534 3189 672 3247 ipsum
706 3188 869 3254 Caesar
897 3191 1030 3235 refert
1071 3191 1163 3234 his:
1195 3193 1409 3236 inventum
1439 3191 1493 3235 ab
1522 3193 1600 3243 iis,
1632 3191 1704 3249 qui
1728 3190 2117 3246 frumentatum
2146 3188 2404 3232 excibant?
2461 3188 2618 3233 Nonne
2649 3205 2702 3233 ea

397 3257 532 3302 verba
560 3258 797 3304 sententiae
824 3259 907 3318 ipsi
937 3260 1118 3319 egregie·
1148 3260 1444 3306 conveniunt?
1481 3259 1689 3304 Nimirum
1717 3265 1863 3302 natum
1893 3263 1976 3313 est,
2007 3264 2054 3301 ut
2083 3271 2168 3316 ego
2188 3264 2324 3316 puto,
2355 3258 2582 3303 fuerant
2610 3259 2702 3303 ual

397 3340 454 3370 ex
482 3327 803 3385 fruetatum3
848 3329 988 3375 eribus
1018 3336 1163 3377 autem
1195 3344 1254 3375 ex
1285 3336 1486 3390 corrupte
1516 3330 1673 3388 scripta
1702 3342 1807 3373 voce
1837 3328 2018 3373 eribat
2045 3343 2125 3386 pro
2157 3328 2355 3372 exibat.
2389 3354 2440 3362 -
2469 3328 2594 3378 Licet
2622 3329 2703 3389 igi-

398 3402 469 3439 tur
496 3394 717 3456 suspicari,
747 3398 962 3445 invenisse
991 3400 1148 3445 milites
1179 3400 1223 3445 id
1252 3416 1391 3459 genus
1419 3399 1573 3444 radicis
1602 3400 1645 3442 in
1675 3398 1777 3442 vicis
1807 3413 1858 3442 ac
1887 3397 2003 3442 cellis
2042 3398 2297 3457 agrestium,
2336 3398 2389 3443 ab
2418 3393 2607 3458 ipsisque
2636 3399 2702 3443 his

399 3465 594 3513 didicisse
631 3469 726 3527 ejus
763 3484 898 3515 usum.
969 3470 1098 3526 Quod
1136 3471 1287 3516 attinet
1330 3470 1385 3515 ad
1425 3470 1697 3524 locutionem,
1746 3468 1847 3513 satis
1893 3484 1944 3514 ea
1993 3468 2165 3528 quidem
2209 3475 2312 3514 nota
2341 3475 2425 3525 est3
2472 3475 2616 3514 tamen
2647 3470 2698 3513 cf.
