3106 3693
1526 147 1579 198 9.

396 306 537 337 sarem
563 293 751 337 arbitror
779 307 867 337 non
895 295 1235 340 intermissurum
1264 294 1394 338 fuisse
1421 308 1563 353 pauca
1591 293 1801 353 quaedam
1833 293 1887 340 de
1908 294 2105 355 profugis
2128 294 2216 339 istis
2241 294 2441 340 militibus
2465 300 2701 356 eorumque

396 375 592 408 numero,
602 362 885 427 perscribere.
942 362 1020 407 At
1036 362 1151 409 enim
1182 363 1345 422 signa
1356 362 1684 423 relinquere
1711 374 1803 411 non
1832 363 1947 410 idem
1974 364 2091 410 valet
2122 364 2241 424 quod
2262 365 2422 425 signa
2445 365 2704 413 deserere.

397 430 484 476 Illo
513 431 670 478 delicto
699 431 922 492 disciplina
959 432 1154 478 militaris
1180 433 1472 492 negligitur,
1466 433 1563 477 hoc
1598 433 1775 479 crimine
1817 433 2003 478 officium
2047 441 2178 492 atque
2214 441 2526 486 sacramentum
2560 435 2705 481 militis

394 500 591 545 violatur.
650 500 884 561 Pompejus
913 502 1140 546 mandasse
1169 502 1354 548 videtur
1348 502 1555 558 tribunis,
1584 509 1633 547 ut
1667 503 1762 547 sub
1791 502 1970 561 signis
1998 500 2193 561 legiones
2216 502 2423 545 ducerent
2451 503 2705 547 observatis-

401 585 504 630 que
516 570 734 617 ordinibus
763 570 917 615 milites
952 571 997 614 in
1031 570 1158 615 armis
1200 570 1424 630 expeditos
1451 571 1679 626 haberent;
1717 572 1850 632 idque
1880 588 1932 616 eo
1969 572 2103 632 magis
2139 578 2205 615 est
2237 569 2464 627 credibile,
2495 586 2581 630 quo
2611 571 2705 631 ipse

398 620 696 704 vehementius
722 639 1145 718 appropinquantem
1170 637 1399 703 Caesarem
1427 638 1611 686 timebat.
1656 641 1690 687 J
1690 657 1759 686 am
1783 657 1887 686 vero
1911 641 2023 686 inter
2047 641 2183 701 ipsam
2207 639 2517 700 profectionem
2543 638 2708 684 Caesar

396 723 551 773 reapse
581 708 955 771 appropinquare,
987 707 1078 770 jam
1113 707 1295 780 jamque
1335 716 1378 752 et
1418 709 1567 754 adesse
1605 711 1835 754 nuntiatur.
1901 710 2001 765 Quo
2046 709 2190 754 audito
2220 705 2391 766 milites,
2431 725 2526 753 cum
2562 708 2704 770 ipsum

394 777 698 840 imperatorem
728 784 906 837 propter
935 783 1194 832 maturatum
1223 774 1307 819 iter
1335 776 1654 836 suspicarentur
1687 779 1932 843 perculsum
1979 786 2108 838 atque
2146 776 2423 837 perterritum
2457 795 2573 835 esse,
2613 795 2701 823 non

390 846 486 905 jam
519 859 627 908 prae
663 851 828 901 terrore
856 845 1161 905 imperatorem
1191 859 1241 894 ac
1270 845 1464 897 tribunos
1495 846 1656 902 audire,
1686 838 1761 892 sed
1790 847 1914 904 signa
1945 847 2190 905 relinquere
2220 854 2263 892 et
2292 847 2410 891 nullo
2441 847 2592 891 ordine
2614 841 2701 891 ser-

394 919 496 970 vato
528 928 625 958 cum
653 913 740 957 suis
769 913 928 974 singuli
957 913 1164 975 manipuli
1188 914 1505 958 centurionibus
1530 915 1635 971 iter,
1667 930 1795 974 quam
1821 915 2040 960 celerrime
2064 922 2251 973 possent,
2280 931 2477 973 pergere,
2506 915 2702 960 nonnulli

398 983 538 1039 etiam,
569 995 654 1043 quo
684 982 972 1043 expeditiores
1003 982 1058 1027 ad
1090 981 1387 1028 festinandum
1407 990 1566 1040 essent,
1593 998 1712 1027 arma
1741 983 1966 1043 projicere.
2029 979 2144 1037 Quid
2175 990 2330 1038 autem,
2361 998 2535 1041 quaeso,
2563 983 2702 1028 media

399 1052 512 1096 inter
545 1052 654 1095 haec
681 1051 847 1111 Epirus
865 1052 1162 1111 finitimasque
1189 1053 1409 1111 reqiones?
1448 1050 1635 1112 Nempe
1668 1052 1900 1112 legendum
1930 1058 2014 1096 est:

486 1132 738 1193 Tantusque
775 1140 918 1185 terror
957 1132 1103 1177 incidit
1141 1134 1233 1192 ejus
1264 1134 1471 1178 exercitui
1501 1160 1555 1166 —
1588 1143 1634 1178 ut
1674 1149 1813 1195 paene
1854 1149 2002 1179 omnes
2031 1135 2122 1177 sine
2150 1135 2348 1192 imperio,
2387 1134 2478 1176 sine
2510 1133 2703 1187 tribunis,

485 1197 696 1261 leqionum
724 1202 847 1261 signa
876 1202 1184 1261 relinquerent,
1213 1203 1455 1261 complures
1486 1218 1607 1247 arma
1638 1204 1899 1263 projicerent
1928 1218 1978 1246 ae
2008 1203 2139 1262 fugae
2170 1203 2305 1246 simile
2335 1203 2417 1247 iter
2447 1201 2676 1263 videretur.

534 1283 694 1333 Iisdem
724 1284 816 1326 fere
845 1283 987 1327 verbis
1011 1282 1163 1327 Livius
1189 1283 1272 1337 IX,
1304 1286 1382 1326 45:
1413 1284 1659 1343 Aequorum
1690 1286 1899 1327 esser-citus
1910 1316 1923 1335 ,
1954 1284 2230 1328 tumultuario
2260 1284 2434 1335 similis,
2464 1286 2578 1327 aine
2608 1284 2640 1327 d
2647 1301 2703 1328 u-

396 1351 545 1394 cibus
576 1367 659 1395 cer
671 1354 760 1404 tis,
789 1354 906 1395 sine
936 1354 1156 1409 imperio
1187 1353 1415 1410 trepidare.
1476 1352 1602 1406 Quae
1631 1360 1838 1412 corrupta
1867 1361 2016 1411 aperte
2046 1367 2162 1395 nunc
2190 1354 2373 1411 legimus
2397 1354 2551 1408 verba,
2580 1353 2700 1411 finge

395 1420 537 1465 animo
567 1420 627 1463 sic
656 1420 757 1465 olim
787 1421 906 1465 nulla
938 1421 1207 1466 distinctione
1221 1422 1379 1480 scripta
1413 1422 1566 1465 fuisse:
1598 1423 1944 1479 omnesineiperio
1973 1423 2170 1475 sinetrib5
2200 1423 2337 1481 leqiotz
2356 1422 2551 1464 —facile
2570 1437 2702 1480 appa-

396 1489 509 1535 rebit
538 1487 855 1550 depravationis
885 1497 928 1536 et
959 1504 1087 1535 causa
1117 1497 1160 1536 et
1188 1507 1340 1549 genus.
1402 1489 1606 1536 Ceterum
1638 1492 1784 1536 confer
1821 1508 1855 1534 c.
1887 1494 1941 1534 67
1973 1494 2091 1550 siqno
2124 1492 2298 1549 leqionis
2333 1492 2476 1544 illan),-
2513 1500 2557 1534 et
2586 1493 2625 1534 b.
2658 1509 2700 1548 g.

399 1558 534 1617 VIII,
564 1561 620 1604 36
648 1561 783 1620 siquis
813 1559 989 1619 leqionis
1018 1561 1134 1605 visis.
1195 1559 1305 1606 Cum
1335 1561 1502 1621 milites>
1518 1577 1657 1622 paene
1688 1577 1836 1606 omnes
1866 1560 2085 1620 legionum
2116 1561 2238 1621 signa
2267 1560 2580 1620 relinquerent,
2611 1575 2698 1605 non

402 1630 500 1674 ideo
531 1637 574 1674 et
604 1630 841 1675 cohortium
870 1631 939 1675 vel
970 1631 1286 1690 manipulorum
1315 1632 1440 1690 signa
1469 1632 1689 1691 reliquisse
1720 1631 1844 1676 existi
1853 1631 1997 1675 mandi
2026 1638 2136 1675 sunt.

1281 1749 1391 1799 Lib.
1431 1749 1526 1798 111.
1565 1767 1606 1799 ο.
1647 1751 1732 1813 18,
1774 1751 1819 1797 5.

536 1842 702 1904 Caesar
728 1850 957 1901 postquam
986 1845 1146 1887 frustra
1175 1860 1221 1888 se
1252 1860 1346 1889 cum
1377 1844 1543 1888 Libone
1571 1860 1651 1903 per
1680 1845 1940 1903 colloquium
1974 1845 2027 1887 de
2061 1845 2214 1902 legatis
2251 1845 2305 1886 ad
2329 1845 2584 1901 Pompejum
2608 1846 2700 1886 mit-

400 1912 538 1956 tendis
578 1911 737 1971 egisse,
770 1912 931 1955 frustra
962 1912 1089 1956 etiam
1119 1912 1358 1957 Vibullium
1387 1913 1441 1956 de
1471 1913 1679 1956 mandatis
1710 1912 1910 1957 Caesaris
1950 1927 2047 1955 cum
2086 1913 2179 1970 ipso
2205 1913 2415 1970 Pompejo
2446 1913 2700 1956 collocutum

399 1996 495 2025 esse
521 1976 720 2040 exposuit
749 1995 785 2027 c.
821 1983 1005 2025 15—18
1035 1982 1144 2026 haec
1174 1981 1310 2025 addit:

492 2067 671 2105 conatus
700 2067 842 2105 tamen
871 2061 1003 2104 nihilo
1034 2062 1172 2105 minus
1204 2068 1268 2105 est
1296 2061 1388 2104 aliis
1416 2062 1652 2104 rationibus
1674 2077 1758 2119 per·
1788 2061 1999 2121 colloquia
2028 2061 2082 2105 de
2113 2076 2220 2120 pace
2250 2077 2391 2120 agere.

539 2141 699 2187 Omnia
727 2143 797 2185 hic
827 2151 928 2201 apta
957 2143 1070 2185 inter
1099 2158 1145 2185 se
1175 2150 1218 2185 et
1247 2143 1561 2196 convenientia,
1592 2158 1738 2200 neque,
1760 2143 1955 2200 profecta
1984 2159 2010 2184 a
2038 2142 2245 2201 magistro
2275 2150 2372 2184 sunt
2401 2156 2451 2183 ea
2474 2142 2698 2200 colloquia.

399 2210 490 2258 Sed
520 2211 633 2256 enim
664 2211 838 2256 ablativi
869 2212 970 2256 aliis
1001 2212 1237 2255 rationibus
1268 2211 1571 2270 conjungenda
1601 2218 1697 2255 sunt
1720 2226 1818 2255 cum
1833 2212 1966 2256 verbo
1984 2221 2234 2256 conatu-aest
2253 2219 2295 2254 et
2317 2210 2617 2269 distinguenda
2645 2212 2698 2254 ab

397 2281 450 2325 iis
493 2295 604 2340 quae
645 2288 897 2341 sequuntur.
970 2281 1245 2341 Appositioni
1282 2281 1425 2326 nullus
1460 2288 1525 2326 est
1565 2282 1699 2326 locus:
1739 2296 1882 2340 neque
1922 2283 2110 2326 rationes
2151 2280 2416 2340 explicantur
2464 2279 2701 2339 colloquiis,

395 2365 536 2409 neque
566 2349 778 2410 colloquia
807 2351 1044 2393 accuratius
1076 2350 1336 2394 definiuntur
1366 2351 1615 2395 rationibus.
1685 2350 1808 2394 Idem
1840 2349 2023 2407 Caesar,
2056 2351 2170 2411 quod
2202 2357 2350 2405 antea,
2381 2348 2600 2393 etiamtum
2631 2364 2698 2393 co-

397 2427 525 2464 natus
554 2427 640 2476 est,
678 2436 761 2479 per
800 2421 1014 2480 colloquia
1058 2421 1112 2464 de
1142 2435 1249 2480 pace
1281 2435 1430 2479 agere,
1468 2422 1545 2465 sed
1580 2427 1752 2464 conatus
1783 2427 1847 2464 est
1876 2420 1969 2464 aliis
2000 2428 2129 2479 atque
2161 2427 2286 2463 antea
2315 2419 2570 2474 rationibus,
2597 2420 2691 2476 jam

399 2504 489 2532 non
518 2504 615 2532 cum
643 2489 737 2548 ipso
766 2490 981 2549 Pompejo
1012 2504 1153 2549 neque
1184 2504 1280 2533 cum
1311 2491 1404 2548 ejus
1435 2490 1614 2534 ducibus
1644 2495 1813 2533 acturus
1842 2488 1918 2533 sed
1948 2504 2047 2534 cum
2078 2489 2254 2549 singulis
2293 2487 2470 2532 tribunis
2507 2487 2696 2547 ipsisque

395 2558 611 2601 militibus.
670 2558 729 2600 Et
751 2574 854 2602 vero
888 2560 1015 2602 etiam
1043 2559 1143 2602 licet
1173 2574 1226 2602 ex
1257 2560 1328 2614 iis,
1362 2574 1472 2618 quae
1495 2567 1645 2618 postea
1674 2565 1920 2613 narrantur,
1951 2559 2182 2616 conjicere,
2216 2558 2506 2617 profecturum
2536 2556 2697 2615 aliquid

398 2627 620 2670 Vatinium
659 2628 740 2685 per
777 2628 985 2685 ejusmodi
1027 2628 1238 2686 colloquia
1277 2629 1408 2672 fuisse
1449 2655 1502 2659 ——
1535 2629 1694 2671 Aulum
1722 2628 1965 2671 Varronem
1997 2628 2110 2671 enim
2141 2627 2412 2684 omniumque
2442 2626 2605 2668 animos
2634 2626 2697 2668 in·

403 2702 544 2739 tentos
574 2696 628 2739 ad
646 2711 795 2753 pacem
815 2697 1008 2755 repperit
1036 2723 1093 2731 -
1123 2697 1204 2739 nisi
1233 2696 1284 2739 Τ.
1305 2696 1522 2739 Labienus
1552 2697 1748 2741 insidiose
1778 2711 1872 2739 eam
1891 2697 2125 2740 orationem
2155 2696 2401 2754 arripuisset
2429 2694 2698 2753 mediamque

403 2765 544 2820 subito
572 2765 615 2808 vi
646 2781 694 2808 ac
723 2766 818 2810 telis
848 2765 1211 2825 interpellandam
1241 2766 1486 2810 curavisset.

1286 2883 1396 2933 Lib.
1434 2883 1529 2933 III.
1567 2901 1607 2933 e.
1647 2885 1731 2945 19,
1771 2885 1816 2931 2.

487 2977 618 3022 Mittit
645 2978 696 3023 P.
728 2979 947 3023 Vatinium
978 2980 1171 3039 legatum
1201 2979 1254 3022 ad
1289 2981 1426 3039 ripam
1465 2980 1601 3039 ipsam
1640 2979 1840 3034 fluminis,
1879 2979 1952 3037 qui
2000 2993 2051 3022 ea
2091 2992 2201 3036 quae
2235 2976 2420 3020 maxime
2458 2976 2513 3020 ad
2548 2993 2699 3037 pacem

488 3048 708 3107 pertinere
748 3048 1001 3093 viderentur
1044 3055 1193 3108 ageret
1229 3056 1273 3092 et
1317 3049 1468 3093 crebro
1503 3064 1661 3107 magna
1701 3062 1807 3092 voce
1845 3048 2154 3106 pronuntiaret,
2202 3046 2404 3091 liceretne
2444 3046 2607 3090 civibus
2643 3047 2698 3090 ad

487 3117 601 3162 cives
632 3117 686 3162 de
715 3133 823 3177 pace
853 3118 937 3162 duo
967 3118 1133 3178 legatos
1163 3118 1329 3161 mittere
1359 3132 1397 3161 e.
1428 3134 1469 3177 q.
1485 3134 1532 3161 s.
2130 3114 2134 3115 ⁷

535 3197 671 3243 Miror
699 3200 816 3259 quod
844 3214 971 3244 nemo
1002 3200 1211 3244 editorum
1241 3199 1380 3244 adhuc
1402 3200 1567 3256 viderit,
1597 3208 1679 3244 tuto
1707 3198 1938 3258 legendum
1969 3211 2075 3254 esse,
2103 3196 2174 3241 vel
2189 3196 2223 3240 si
2240 3197 2335 3256 quis
2359 3197 2596 3257 suspicatus
2620 3204 2697 3254 est,

398 3267 515 3324 quod
544 3282 673 3313 nemo
703 3264 831 3313 ausus
856 3270 910 3312 sit
939 3270 1157 3327 corrigere
1186 3269 1379 3312 codicum
1408 3270 1660 3327 scripturam
1690 3268 1772 3310 duo
1801 3268 1871 3309 vel
1902 3268 2016 3310 duos.
2077 3266 2241 3309 Delere
2278 3267 2393 3309 enim
2427 3281 2574 3311 vocem
2606 3281 2697 3310 eam

396 3349 484 3380 non
514 3336 642 3381 modo
670 3338 878 3383 librorum
907 3354 1005 3382 mss.
1037 3338 1288 3383 auctoritate
1316 3338 1392 3382 sed
1422 3339 1516 3396 ipsa
1545 3336 1775 3381 sententiae
1804 3336 2050 3394 integritate
2079 3343 2286 3378 vetamur.
2347 3336 2460 3379 Tuto
2485 3335 2698 3393 quomodo

398 3404 533 3464 legati
562 3406 709 3451 venire
738 3415 928 3466 possent,
962 3408 1161 3452 convenit
1189 3406 1427 3465 utrimque,
1456 3414 1546 3451 tuto
1576 3406 1707 3464 igitur
1733 3411 1782 3449 ut
1810 3405 1975 3464 legatos
2004 3403 2176 3449 mittere
2204 3404 2372 3461 liceret,
2400 3402 2696 3464 postulaverat

398 3472 611 3519 Vatinius.
641 3502 698 3510 —

2252 3545 2277 3586 2
2324 3565 2327 3567 .
