3106 3693
1519 82 1557 131 6,
1617 97 1629 110 ο

1282 252 1525 318 Lium.
1562 272 1604 311 e..
1638 257 1708 335 2,
1732 257 1785 312 2:
1815 272 1817 275 ’

461 378 531 424 Εο
568 378 763 439 leffl'ones
795 376 915 436 XII,
954 378 1192 439 equitatum
1233 392 1405 426 omnem
1440 380 1589 426 venire
1623 382 1823 440 jusserat.
1886 380 1978 427 Sed
2014 387 2179 434 tantum
2214 382 2391 429 navium
2421 383 2691 444 reperit,-ut

459 455 645 507 anguste
675 445 913 500 Xleia
938 448 1276 508 legionariorum
1304 449 1504 506 militum,
1540 449 1629 497 Do
1656 451 1821 508 equites
1851 458 2151 508 waneportare
2175 458 2364 510 pomnt.
2425 451 2530 498 Hoc
2554 464 2692 501 unm

459 518 614 583 inopia
645 519 823 564 navam
854 516 1034 564 Caesari
1069 516 1125 562 ad
1159 517 1423 564 celeritatem
1465 518 1716 564 conficiendi
1751 517 1852 565 belli
1887 518 2034 565 defait.
2094 519 2242 578 Atque
2278 520 2361 567 hae
2391 521 2511 581 ipsae
2538 522 2694 581 copiae

458 586 547 630 hoe
570 587 932 645 infrequentiores
961 587 1240 646 imponuntur
1269 602 1306 632 e.
1340 603 1380 646 q.
1412 601 1445 631 s.
2039 622 2043 626 .

512 675 614 722 Non
642 692 771 739 posse
800 678 870 724 hic
901 686 1063 725 certum
1093 677 1309 740 quendam
1341 695 1391 723 ac
1421 671 1643 725 definitum
1674 679 1855 727 militum
1891 694 2117 728 numerum
2153 679 2351 737 tolerari,
2390 682 2523 741 q'uu'm
2551 682 2684 744 paulo

370 754 470 806 post
512 746 596 793 hae
633 747 753 808 ipsae
796 750 954 807 copiae·
985 747 1182 794 dicantur
1219 748 1579 806 infrequentiores
1618 750 1841 808 impositae
1881 765 1996 813 esse,
2038 750 2202 808 primus
2242 749 2346 794 vidit
2382 748 2686 812 Nipperdeius,

371 814 568 861 concedit
589 813 887 872 HofmannuS,
926 830 1053 861 nemo
1084 824 1235 877 postea
1264 816 1419 861 infitias
1450 816 1536 862 ibit.
1597 817 1761 864 Verum
1793 809 2009 874 cohorteS,
2050 832 2157 878 quas
2181 818 2339 877 jubent
2367 818 2605 880 interponi,
2644 826 2687 866 et

369 885 541 944 longius
571 886 727 928 absunt
757 886 811 928 ab
841 850 1048 940 librorum
1079 886 1291 944 reliquiis,
1322 900 1401 930 nec
1431 887 1531 929 satis
1561 894 1678 930 recte
1708 886 2007 930 describuntur
2036 887 2336 931 addidamento
2366 903 2444 933 suo
2477 916 2523 923 -
2561 889 2685 948 leqio-

367 955 594 998 nariorwm
622 953 819 998 militum.
872 954 1167 999 Numerantur
1198 955 1395 1007 cohortes
1426 963 1500 997 aut
1530 955 1653 998 unius
1683 956 1865 1014 legionis
1896 964 1970 999 aut
2000 956 2128 999 totius
2153 953 2387 1011 exercitus3
2417 972 2556 1016 genus
2580 959 2686 1016 mili-

369 1030 461 1068 tum
501 1037 589 1066 non
629 1023 782 1083 recipit
822 1039 914 1067 eam
955 1024 1241 1083 partitionem.
1302 1023 1449 1078 Quare
1489 1023 1543 1067 ad
1581 1039 1718 1083 genus
1760 1019 2096 1083 designandum,
2139 1023 2253 1083 quod
2294 1025 2446 1081 sciam,
2488 1026 2686 1072 cohortes

369 1091 511 1139 solent
540 1091 804 1151 leqionariae
833 1093 902 1137 vel
933 1091 1197 1145 auaeiliares,
1229 1108 1317 1136 non
1341 1092 1522 1137 militum
1545 1093 1878 1153 Zeqionariorum
1901 1094 1971 1138 vel
1995 1094 2284 1139 auxiliarium
2308 1096 2464 1140 vocari.
2521 1095 2686 1142 Contra

364 1176 429 1213 ea„
459 1161 645 1221 legimus
685 1161 836 1205 incerti
874 1162 1035 1221 passim
1077 1162 1245 1206 numeri
1286 1162 1539 1207 vocabulum
1581 1180 1676 1207 cum
1717 1162 1767 1206 iis
1805 1163 2005 1222 genitivis
2043 1165 2263 1222 junctum3
2305 1173 2353 1208 ut
2393 1165 2435 1208 b.
2463 1182 2508 1224 g.
2538 1165 2584 1221 I,
2629 1171 2678 1211 51

370 1230 487 1290 quod
514 1231 653 1275 minus
683 1230 1015 1289 multitudine
1045 1230 1229 1275 militum
1260 1230 1590 1291 leyionariorum
1613 1249 1698 1291 pro
1729 1232 1909 1277 hostium
1935 1249 2108 1278 numero
2132 1233 2312 1277 valebat.
2367 1232 2426 1278 Et
2453 1233 2494 1277 b.
2522 1234 2576 1277 al.
2603 1237 2682 1278 21:

369 1315 423 1342 ex
464 1315 509 1342 eo
545 1315 753 1343 numero
792 1300 1125 1359 leyionariorum
1164 1300 1357 1343 militum.
1388 1326 1441 1333 —-
1487 1301 1636 1346 Simile
1674 1301 1775 1361 quid
1814 1317 1946 1361 quum
1984 1302 2052 1344 hic
2092 1303 2209 1346 locus
2240 1302 2449 1363 postulet,
2488 1303 2562 1345 vix
2593 1303 2681 1346 ullo

367 1369 639 1429 improbante
677 1384 758 1429 pro
790 1368 884 1412 XV
901 1368 1026 1413 milia
1055 1369 1252 1413 restitues
1283 1370 1525 1421 dimidium,
1564 1370 1678 1429 quod
1708 1370 1982 1425 vocabulum,
2024 1378 2225 1432 corrupte
2253 1371 2456 1431 scriptum
2486 1373 2520 1415 ti
2547 1373 2681 1423 mictu,

367 1453 449 1497 per
477 1438 641 1481 librarii
672 1454 818 1482 curam
849 1454 1098 1498 perversam
1129 1438 1252 1482 facile
1284 1439 1384 1482 abiit
1413 1439 1456 1483 in
1487 1440 1604 1483 illam
1635 1441 1802 1485 numeri
1837 1439 2205 1500 significationem.
2267 1438 2334 1485 Cf.
2366 1439 2460 1483 Liv.
2491 1440 2682 1496 XXXV,

374 1510 420 1562 1,
451 1509 500 1548 2:
539 1516 587 1550 ut
616 1509 693 1550 vix
723 1508 1001 1551 dimidium
1031 1508 1232 1558 militum,
1265 1525 1391 1566 quam
1422 1510 1537 1567 quod
1565 1520 1802 1567 acceperat,
1833 1511 2064 1553 successori
2093 1510 2334 1555 tradiderit.
2393 1509 2548 1567 Neque
2579 1525 2682 1554 vero

367 1576 538 1635 reliqua
569 1577 711 1620 omnia
741 1591 797 1619 ex
837 1577 1029 1620 codicum
1066 1577 1250 1620 lectione
1291 1577 1573 1632 satisfaciunt,
1612 1579 1805 1622 subtilius
1845 1579 1992 1637 paullo
2032 1579 2067 1621 si
2098 1579 2232 1622 verba
2264 1586 2392 1637 atque
2422 1578 2560 1639 ipsam
2589 1594 2682 1622 rem

364 1645 572 1704 inquiras.
630 1644 731 1689 Non
762 1652 1057 1703 transportant
1087 1661 1240 1700 naves,
1272 1645 1348 1689 sed
1374 1645 1535 1690 Caesar
1564 1655 1824 1705 transportat
1855 1664 1952 1691 suas
1981 1647 2195 1706 legiones3
2228 1647 2381 1692 milites
2412 1655 2553 1691 autem
2586 1663 2682 1691 cum

366 1715 547 1759 tribunis
578 1731 627 1758 ac
658 1714 812 1773 legatis
842 1722 1200 1773 transportantur.
1260 1715 1365 1773 Ipso
1394 1716 1553 1761 scilicet
1581 1717 1839 1775 imperatore
1869 1725 2097 1776 praesente
2129 1717 2202 1775 qui
2226 1717 2360 1775 possit
2383 1717 2448 1760 his
2471 1717 2681 1775 profectio

368 1783 614 1826 vindicari?
661 1784 752 1826 Aut
777 1786 1071 1844 transportari
1085 1793 1260 1844 possent
1283 1785 1531 1844 legendum,
1563 1794 1634 1828 aut
1659 1796 1954 1845 transportare
1968 1795 2112 1847 posset
2121 1802 2135 1839 ,·
2166 1786 2224 1827 sic
2250 1786 2435 1845 denique
2460 1787 2681 1849 sequentia

368 1869 565 1913 quoque:
609 1853 708 1895 Hoc
735 1871 867 1897 unum
899 1857 1050 1912 inopia
1079 1856 1257 1897 navium
1293 1854 1472 1896 Caesari
1501 1881 1556 1886 -
1588 1857 1726 1915 defuit
1760 1882 1806 1888 —
1841 1863 1956 1899 recte
1988 1872 2034 1899 se
2064 1856 2249 1909 habent3
2290 1870 2389 1896 nam
2424 1857 2574 1914 inopia
2603 1872 2682 1898 naa

367 1917 484 1968 vtum
514 1925 725 1967 ablativus
756 1939 911 1968 causae
942 1933 1017 1968 est.
1074 1924 1173 1967 Hoc
1203 1939 1357 1979 unum,
1387 1926 1542 1983 inquit,
1574 1942 1660 1968 non
1690 1927 1910 1981 successit,
1943 1934 1988 1969 ut
2018 1926 2298 1984 transportari
2331 1933 2505 1984 possent
2530 1941 2678 1969 omnes

364 2010 454 2038 una
491 1995 668 2048 milites3
709 1995 826 2052 quod
861 1996 896 2037 si
932 2009 1020 2037 non
1058 1995 1263 2037 defuisset
1302 2003 1480 2052 propter
1514 1996 1700 2054 inopiam
1741 1997 1933 2049 navium,
1974 1996 2050 2039 sed
2081 2010 2136 2038 ex
2166 2010 2243 2053 spe
2274 2002 2317 2036 et
2346 1996 2556 2056 sententia
2587 2011 2678 2038 suc-

368 2065 563 2109 cessisset
595 2063 792 2119 Caesari,
835 2064 1015 2107 celerius
1054 2064 1204 2108 confici
1234 2064 1390 2108 bellum
1422 2065 1647 2108 videbatur
1675 2081 1815 2124 posse.
1878 2065 1945 2110 Cf.
1977 2067 2015 2109 b.
2048 2082 2091 2124 g.
2123 2064 2203 2119 IV,
2236 2066 2313 2106 26:
2352 2080 2483 2122 neque
2513 2065 2679 2123 Zonyius

358 2136 566 2194 prosequi
592 2143 845 2192 potuerunt,
887 2135 1003 2193 quod
1038 2136 1192 2193 equites
1230 2150 1397 2177 cursum
1436 2143 1572 2177 tenere
1603 2144 1727 2193 atque
1757 2135 1942 2178 insulam
1974 2151 2125 2192 capere
2154 2150 2238 2177 non
2259 2142 2504 2192 potuerant.
2563 2133 2678 2177 Hoc

366 2221 522 2247 unum
560 2205 622 2245 ad
650 2205 887 2260 pristinam
913 2204 1146 2259 fortunam
1193 2203 1374 2246 Caesari
1409 2206 1600 2261 defuit,
1641 2220 1698 2247 sc.
1731 2213 1777 2247 ut
1815 2206 1996 2262 (nostri)
2037 2204 2207 2262 longius
2247 2204 2448 2261 prosequi
2488 2211 2676 2263 possent.

1275 2367 1384 2417 Lib.
1416 2368 1516 2419 111.
1555 2385 1595 2418 ο.
1630 2369 1681 2430 9,
1724 2370 1768 2417 6.

449 2491 509 2537 Et
537 2492 670 2550 longo
699 2491 954 2550 interposito
986 2490 1124 2549 spatio
1155 2506 1252 2534 cum
1282 2490 1534 2536 diuturnitas
1559 2492 1892 2551 oppugnationis
1916 2491 2263 2552 neglegentiores
2290 2487 2551 2535 Octavianos
2575 2491 2676 2535 effe-

449 2559 596 2616 cisset,
634 2560 773 2619 (cives
802 2559 1012 2618 Romani)
1054 2559 1169 2603 nacti
1206 2560 1470 2605 occasionem
1507 2561 1729 2605 meridiani
1767 2561 1971 2621 temporis
2009 2561 2195 2605 discessu
2232 2576 2380 2605 eorum
2409 2560 2556 2621 pueris
2585 2575 2676 2604 mu-

448 2629 711 2694 lieribusque
739 2628 785 2674 in
815 2644 939 2675 muro
970 2628 1205 2689 dispositis,
1236 2644 1291 2674 ne
1323 2629 1423 2689 quid
1454 2630 1690 2676 cotidianae
1722 2630 2039 2675 consuetudinis
2071 2629 2404 2685 desideraretur,
2435 2629 2516 2690 ipsi
2545 2644 2674 2675 manu

447 2699 561 2744 facta
592 2714 690 2743 cum
718 2698 791 2755 iis,
822 2714 929 2758 quos
960 2714 1100 2759 nuper
1129 2700 1312 2743 maximi
1342 2699 1644 2751 liberaverant,
1676 2700 1720 2743 in
1750 2699 1949 2760 proxima
1980 2698 2134 2744 Octavi
2165 2708 2304 2743 castra
2333 2699 2599 2760 inruperunt.

502 2792 710 2838 Octavius
740 2806 837 2838 cum
864 2792 1050 2838 Salonas
1080 2793 1367 2852 pervenisset,
1392 2793 1594 2854 oppidum
1627 2808 1881 2853 oppugnare
1913 2794 2103 2840 instituit.
2159 2793 2286 2838 Cives
2312 2800 2453 2838 autem
2474 2791 2685 2847 Romani,

360 2878 459 2908 cum
492 2869 636 2907 essent
664 2862 822 2907 infirmi
853 2863 907 2906 ad
938 2863 1221 2908 resistendum
1251 2870 1430 2922 propter
1467 2864 1726 2922 paucitatem
1762 2864 1985 2909 hominum
2017 2892 2070 2899 «-
2103 2863 2158 2907 ad
2188 2871 2428 2910 extremum
2459 2862 2674 2907 aemilium

359 2932 675 2978 descenderunt
713 2946 950 2991 servosque
989 2946 1137 2978 omnes
1176 2932 1362 2991 puberes
1400 2933 1702 2979 liberaverunt.
1762 2932 1835 2978 Ex
1874 2933 1962 2989 his,
2004 2946 2116 2991 quae
2156 2932 2276 2976 initio
2314 2931 2465 2991 capitis
2498 2938 2673 2980 narrata

357 3009 478 3056 sunt,
506 3016 654 3046 servos
683 3008 867 3061 apparet
898 3018 925 3046 a
955 3002 1119 3046 civibus
1148 3001 1354 3047 Romanis
1384 3017 1436 3047 ea
1458 3002 1557 3061 lege
1579 3003 1783 3048 liberatos
1807 3017 1920 3057 esse,
1952 3008 1999 3046 ut
2021 3000 2125 3061 ipsis
2147 3001 2191 3045 in
2217 3001 2487 3046 defendendo
2512 3001 2679 3060 oppido·

355 3071 564 3119 auxilium
599 3072 763 3116 ferrent
797 3072 1022 3130 sociosque
1061 3072 1260 3118 laborum
1296 3085 1343 3116 se
1384 3072 1684 3131 adjungerent.
1742 3071 1845 3118 Jam
1883 3072 1920 3115 si
1958 3071 2220 3131 quaerimus,
2260 3070 2363 3129 quid
2400 3076 2547 3117 nostro
2576 3070 2673 3116 loco

355 3146 462 3200 optt.
492 3140 700 3185 librorum
729 3141 888 3200 (Nipp.
918 3158 946 3186 a
976 3143 1002 3186 b
1034 3156 1057 3184 c
1087 3141 1116 3185 d
1146 3147 1189 3186 et
1219 3140 1389 3199 Haun.)
1420 3142 1653 3201 depravata
1682 3142 1808 3187 lectio
1839 3143 2022 3186 maoeimi
2059 3141 2234 3199 obtegat
2263 3141 2374 3196 veri,
2408 3139 2678 3186 commodius.

354 3211 463 3256 nihil
503 3211 701 3256 videmur
739 3212 969 3271 suspicari,
1015 3211 1100 3255 nisi
1138 3211 1332 3257 inaoeilia
1371 3213 1397 3257 i.
1439 3227 1476 3257 e.
1513 3214 1561 3256 in
1604 3212 1831 3258 aua-ilium.
1900 3210 2152 3258 Ostenditur
2193 3210 2394 3257 nimirum
2434 3216 2478 3255 et
2517 3210 2672 3255 civium

354 3281 653 3326 Romanorum
681 3282 824 3340 posita
858 3283 903 3325 in
940 3282 1031 3327 istis
1069 3283 1197 3328 sociis
1216 3282 1399 3339 fiducia,
1439 3290 1481 3327 et
1510 3284 1707 3328 voluntas
1738 3297 1961 3329 servorum
1992 3298 2043 3327 ea
2071 3282 2166 3341 ipsa
2198 3281 2450 3327 condicione
2475 3280 2671 3327 liberato-

354 3366 466 3395 rum.
497 3380 552 3387 -
592 3351 769 3410 Expelli
807 3358 923 3398 certe
957 3352 1214 3397 miraculum
1250 3353 1363 3396 istud
1399 3353 1635 3410 scripturae
1670 3360 1849 3412 propter
1887 3352 2079 3397 codicum
2117 3351 2411 3398 auctoritatem
2442 3365 2528 3395 non
2559 3350 2672 3405 licet,

355 3420 564 3480 explicari
593 3421 762 3480 nequit,
793 3421 1054 3469 secludendo
1085 3421 1192 3466 nihil
1222 3422 1489 3484 proficimus,
1521 3422 1819 3468 emendatione
1849 3437 1955 3481 ergo
1987 3437 2095 3481 opus
2125 3427 2202 3467 est.
