3106 3693
1487 120 1490 121 γ
1506 66 1542 114 4

502 211 662 272 Itaque
690 218 745 256 ut
767 210 1104 280 demonstretur,
1143 226 1221 257 cur
1245 227 1382 273 yma
1407 212 1678 274 potissimum
1706 212 1921 259 lwmuum·
1948 212 2173 271 timeatur,
2209 212 2401 274 adjecta
2393 221 2513 260 sunt
2546 214 2684 270 verba
2745 249 2748 250 ν

362 283 436 327 om‘
464 281 610 326 liceret
638 280 769 326 libere
783 281 943 340 facere
971 289 1012 325 d
1037 282 1158 341 sequi
1185 280 1303 341 quod
1327 276 1471 334 vellet,
1501 282 1657 342 quibus
1679 290 1831 343 aperte
1853 281 2101 328 timentium
2114 282 2185 328 vel
2208 281 2434 343 opinionoe
2455 283 2528 329 vs}
2551 298 2682 330 voees

363 350 663 395 ostenduntur.
721 349 894 394 Deinde
931 342 1097 395 Caesar
1129 349 1373 407 additurus,
1412 350 1487 410 qui
1524 351 1686 395 factum
1720 351 1796 408 sit,
1836 359 1885 395 ut
1918 350 2101 411 ῑεφοκσο
2136 367 2243 406 eae,
2267 357 2378 413 quae
2402 351 2561 414 paulo
2582 361 2685 408 ests

362 419 487 479 apud
525 419 803 464 adversarios
830 418 1037 479 suermtt,
1076 418 1350 475 timerentur,
1389 435 1525 479 quum
1564 420 1647 480 ipsi
1684 427 1828 464 tamen
1863 419 2166 464 incolumitatis
2203 420 2413 466 beneficio
2449 420 2682 468 ohan-iem

359 494 637 544 tenerentur,
674 503 731 533 ex
767 487 978 533 librorum
1015 487 1187 547 quidem
1229 488 1482 533 auctoritate
1523 488 1632 533 haec
1672 488 1841 533 scribit.
1881 504 1986 532 nam
2024 489 2153 532 dim
2194 487 2397 540 Caesaris
2428 488 2682 560 hnefiejw

360 565 606 603 vastaverat
643 557 921 608 musondo,
963 573 1052 616 qua
1093 556 1361 615 offerrentur.
1427 557 1483 601 In
1521 557 1588 601 his
1628 573 1741 637 quae
1778 539 2029 602 indicativo·
2051 555 2220 601 dicendi
2257 557 2387 604 modo
2425 555 2681 621 efferuntur,
2741 606 2747 610 ,

361 626 581 683 Caesaris,
622 641 752 686 quae
764 625 1063 685 conjunctivo,
1103 625 1345 671 timentium
1374 634 1475 671 sunt
1501 625 1676 672 illorum
1715 626 1761 670 in
1800 626 1949 671 castris
1989 625 2202 672 Curionis.
2260 625 2355 672 Nec
2391 623 2538 674 tamen
2564 627 2681 675 satis

359 697 473 742 bene
501 710 555 742 ea
583 695 721 756 verba
749 695 911 741 habent
938 694 1011 740 vel
1040 701 1216 756 recepta
1247 693 1428 742 Oehleri
1466 694 1790 742 emendatione:
1831 712 1919 756 qua
1949 696 2204 756 offert-eam
2231 710 2425 743 munera.
2465 690 2680 762 Regillus

360 773 498 826 atque
521 753 853 825 imperatoribus
883 772 959 809 aut
986 765 1162 809 honoris
1193 781 1323 810 causa
1352 773 1428 810 aut
1450 780 1498 810 re
1521 767 1633 810 bene
1657 773 1780 825 gesta
1802 766 1943 810 solent
1965 767 2113 810 offerri
2136 781 2335 819 mera,
2365 781 2454 810 non
2476 765 2679 812 militibus

358 834 605 894 gregariis,
631 834 707 893 qui
735 835 859 879 dmss's
888 834 982 879 fere
1011 834 1164 879 oblatis
1193 842 1294 879 sunt
1323 835 1524 880 contenti.
1583 835 1760 893 Itaque,
1797 834 1832 878 si
1861 850 1931 879 me
1961 834 2102 890 audis,
2138 834 2359 894 legamus.
2399 838 2521 888 (nam
2550 836 2679 880 estam

364 903 567 961 Caeam-ss
597 904 842 962 bemficiwm
869 912 1112 949 mutaverat
1140 905 1419 958 consuetudo)
1458 904 1653 964 donaque
1682 918 1792 964 quae
1828 904 2096 963 offerrentur.
2165 892 2390 950 Sententia
2428 911 2575 950 autem
2610 904 2678 950 his

359 974 624 1034 explicatur.
663 973 1054 1017 animadverterant
1090 974 1162 1017 diu
1196 974 1357 1017 tribuni
1394 989 1445 1017 ac
1483 974 1772 1029 centuriones,
1812 980 2008 1033 tempore
2042 974 2269 1031 interJecto
2308 975 2381 1031 (ut
2408 975 2493 1018 fert
2521 979 2677 1018 natura

326 1038 330 1042 ¹
357 1043 579 1086 hominum
613 1042 907 1100 ingratorum)
945 1043 1215 1086 consuevisse
1248 1044 1340 1099 jam
1378 1043 1531 1087 milites
1569 1057 1668 1085 suos
1705 1042 1914 1086 beneficio
1946 1042 2166 1097 Caesaris,
2200 1057 2340 1100 eoque
2378 1043 2440 1086 uti
2469 1050 2676 1101 tanquam

351 1113 455 1169 jure
491 1125 590 1166 suo,
629 1125 903 1170 nequaquam
939 1125 1170 1167 memores,
1208 1119 1415 1170 quantum
1453 1112 1650 1168 victoris,
1689 1111 1762 1169 qui
1791 1111 1846 1153 ad
1877 1110 2115 1155 Corfinium
2144 1111 2379 1156 incolumes
2411 1126 2560 1156 omnes
2588 1126 2676 1156 ser·

355 1185 519 1236 vasset,
558 1180 811 1225 clementiae
849 1180 1069 1225 deberent.
1129 1180 1279 1235 Quare
1316 1180 1551 1226 timendum
1588 1193 1681 1225 esse
1713 1181 2108 1239 conquerebantur,
2151 1186 2220 1237 ut,
2258 1181 2510 1240 praesertim
2540 1193 2675 1241 quum

358 1248 607 1304 Quintilius„
623 1261 697 1292 eos
725 1248 771 1290 in
800 1261 925 1308 spem
941 1249 1194 1308 'largitionis
1224 1249 1488 1305 adduxisset,
1524 1250 1650 1293 etiam
1684 1248 1882 1293 Caesaris
1912 1249 2163 1293 beneficium
2194 1250 2348 1294 milites
2380 1252 2406 1294 a'
2437 1249 2676 1295 defectione

356 1318 575 1362 retineret.
632 1317 817 1378 Pompei
847 1318 961 1360 euim
990 1331 1163 1361 causam
1194 1333 1266 1362 eas
1295 1319 1488 1378 legiones
1519 1319 1573 1361 ab
1608 1319 1727 1361 initio
1764 1317 1968 1361 acerrime
2004 1317 2320 1362 defendendam
2356 1319 2593 1379 suscepisse
2633 1324 2677 1362 et

355 1388 490 1448 paulo
519 1395 620 1431 ante
652 1387 835 1432 Corfinii
863 1402 951 1431 non
982 1388 1074 1432 sine
1103 1389 1356 1448 gravissima
1385 1389 1628 1432 Marsorum
1657 1388 1920 1432 dissensione
1951 1388 2028 1446 (ef.
2053 1388 2103 1444 I,
2134 1389 2211 1444 20,
2241 1390 2307 1447 2.)
2344 1402 2426 1433 nec
2455 1389 2536 1432 nisi
2573 1402 2676 1449 pro-

355 1458 490 1501 iectos
527 1457 702 1501 demum
739 1474 766 1500 a
794 1457 988 1500 Domitio
1025 1459 1263 1516 reliquisse.
1323 1459 1392 1500 Ex
1430 1460 1706 1518 grammatica
1735 1466 1876 1501 autem
1905 1459 2070 1501 ratione
2094 1460 2341 1517 junguntur
2370 1459 2552 1518 leqiones
2583 1473 2670 1511 eae,

356 1542 468 1586 quae
494 1554 544 1561 -
559 1527 751 1584 ficerant
779 1527 975 1586 donaque
1003 1542 1113 1585 quae
1143 1528 1395 1584 offerrentur
1426 1529 1511 1585 (sc.
1535 1543 1561 1570 a
1584 1528 1841 1582 Quintilio),
1878 1535 1924 1568 ut
1960 1533 2081 1570 tanto
2120 1528 2330 1584 majorem
2368 1528 2520 1570 oblatis
2550 1527 2674 1570 donis

355 1596 645 1654 suspicionem
675 1611 753 1639 eae
782 1596 976 1654 legiones
1006 1596 1252 1639 timentibus
1283 1597 1466 1639 movisse
1491 1596 1706 1639 dicantur.
1762 1596 1900 1640 Simili
1931 1596 2095 1639 ratione
2125 1598 2169 1638 in
2199 1597 2474 1654 sequentibus
2498 1612 2672 1655 quoque

357 1663 556 1709 Caesaris
598 1671 899 1723 argumentum
942 1664 1144 1708 miseetur
1188 1680 1286 1709 cum
1328 1665 1575 1724 significatis
1618 1665 1888 1723 querentium
1929 1664 2116 1708 vocibus.
2176 1665 2319 1720 Quem
2340 1663 2494 1710 'totum
2530 1667 2671 1711 locum

354 1732 590 1777 emendatis
619 1732 900 1776 emendandis
929 1732 990 1775 ita
1019 1733 1294 1776 scribendum
1324 1747 1501 1777 censeo:

447 1836 681 1894 municipia
710 1837 839 1880 etiam
870 1836 1048 1880 diversis
1077 1837 1272 1895 partibus
1298 1837 1543 1891 coniuncta3
1576 1853 1706 1895 aeque
1731 1837 1844 1880 enim
1868 1851 1923 1880 ex
1947 1836 2100 1880 Marsis
2123 1836 2404 1895 Pelignisque
2429 1838 2672 1894 veniebant,

443 1912 493 1950 ut
521 1904 594 1963 qui
624 1906 853 1963 superiora
881 1907 1000 1949 nacti
1030 1905 1308 1949 contubernia
1339 1922 1432 1949 cum
1462 1905 1551 1948 illis
1580 1915 1724 1949 essent.

456 1999 463 2003 -
494 2008 563 2051 Ac
586 2009 680 2066 jam
710 2007 896 2064 Caesar,
926 2017 1154 2066 postquam
1185 2008 1408 2067 descripsit
1438 2010 1788 2052 conturbatorum
1820 2009 2059 2053 animorum
2088 2009 2282 2063 timores,
2312 2008 2423 2053 redit
2447 2009 2503 2052 ad
2524 2026 2671 2054 rerum

355 2076 696 2123 enarrationem:
1721 2085 1723 2090 ’

442 2181 656 2225 Nonnulli
688 2184 912 2242 qraviores
949 2192 1073 2225 erant
1109 2197 1327 2226 sermones
1364 2183 1567 2239 militum3
1608 2183 1724 2226 dubii
1755 2184 1903 2226 durius
1931 2183 2271 2243 accipiebantur3
2313 2184 2509 2227 nonnulli
2540 2185 2668 2228 etiam

442 2254 497 2294 ab
526 2253 597 2306 iis,
627 2253 701 2309 qui
731 2251 1025 2309 diligentiores
1055 2253 1191 2293 videri
1221 2254 1445 2307 volebant,
1475 2253 1759 2310 fingebantur.

490 2355 563 2399 Ex
604 2356 756 2401 iisdem
799 2356 933 2415 igitur
970 2355 1214 2399 Marsorum
1251 2356 1619 2415 Pelignorumque
1662 2356 1902 2415 municipiis
1946 2356 2177 2400 veniebant
2211 2356 2403 2415 utrique,
2446 2362 2489 2401 et
2525 2357 2555 2400 ii
2596 2357 2671 2416 qui

354 2426 635 2468 remanebant
663 2425 708 2466 in
739 2426 889 2468 castris
922 2424 1122 2468 Curionis
1154 2431 1198 2468 et
1226 2426 1255 2466 ii
1287 2426 1360 2482 qui
1388 2426 1673 2483 perfugerant
1702 2425 1758 2468 ad
1788 2425 1955 2469 Attium
1985 2425 2163 2468 Varum.
2222 2425 2417 2468 Diversis
2447 2439 2552 2484 ergo
2578 2427 2670 2484 jam
2707 2416 2714 2421 ⁶

352 2494 548 2551 partibus
578 2495 809 2551 conjuncta
839 2500 965 2537 erant
995 2493 1145 2537 eadem
1175 2494 1424 2551 municipia,
1464 2509 1575 2551 quae
1605 2501 1750 2537 utrum
1779 2494 2014 2537 transferre
2043 2494 2181 2551 signa.>
2199 2508 2255 2537 an
2284 2494 2446 2538 inferre
2474 2495 2669 2550 mallent,

351 2563 428 2606 vix
457 2562 634 2607 dubium
664 2570 769 2607 erat.
829 2562 931 2607 Jam
962 2578 1067 2607 vero
1098 2563 1171 2620 qui
1189 2564 1483 2622 ‘perfugerant
1511 2565 1554 2606 in
1584 2564 1660 2607 illa
1677 2570 1847 2618 castra,
1884 2564 2043 2607 reverti
2073 2578 2161 2608 non
2191 2571 2412 2622 poterant,
2443 2565 2565 2622 sequi
2594 2580 2668 2610 eos

351 2639 555 2691 poterant
582 2633 738 2690 reliqui
768 2647 929 2676 omnes.

490 2701 633 2759 quue
679 2701 820 2760 ipsum
867 2709 1076 2760 tanquam
1117 2702 1413 2759 gravissimam
1459 2717 1631 2745 causam
1676 2702 1839 2745 timoris
1880 2702 2151 2746 centuriones
2195 2702 2479 2760 perhibentur
2521 2716 2668 2748 secum

351 2770 588 2825 volutasse,
624 2771 876 2815 frementes:
918 2771 1145 2829 superiora
1174 2772 1451 2813 contubernia
1481 2786 1577 2813 cum
1606 2772 1689 2813 illis
1720 2773 1801 2828 (sc.
1833 2786 1928 2813 cum
1958 2771 2236 2829 Pompejanis
2266 2763 2356 2814 sive
2387 2771 2669 2828 adversariis)

350 2846 500 2882 nactos
526 2854 620 2883 esse
651 2840 724 2898 qui
755 2855 811 2883 ex
835 2839 990 2882 Marsis
1018 2840 1314 2898 perfugissent
1343 2841 1395 2883 ad
1418 2841 1605 2895 Varum;
1631 2843 1814 2899 jamjam
1844 2856 1943 2883 suos
1973 2840 2148 2895 milites,
2181 2855 2237 2882 ex
2266 2841 2415 2883 iisdem
2445 2841 2667 2884 venientes

350 2907 610 2966 municipiis,
642 2907 795 2961 eadem
824 2924 903 2952 sua
932 2909 1156 2967 superiora
1187 2909 1467 2953 contubernia
1494 2909 1766 2968 repetituros.
1826 2908 1944 2964 Hoc,
1975 2923 2118 2967 neque
2148 2908 2263 2954 aliud
2292 2909 2549 2968 quidquam,
2584 2908 2667 2961 nisi

349 2990 527 3036 prorsus
555 2976 704 3033 fallor,
734 2976 854 3021 locus
883 2977 1074 3036 flagitat3
1106 2977 1208 3036 quid
1236 2978 1349 3021 enim
1372 2977 1545 3033 attinet,
1576 2994 1662 3037 quo
1686 2985 1882 3038 tempore
1911 2977 1973 3021 illi
2003 2977 2295 3037 perfugissent
2324 2978 2478 3023 iterum
2508 2991 2667 3024 memo-

349 3044 486 3091 rare?
544 3045 745 3107 Apparet
775 3062 906 3106 quam
936 3046 1060 3092 facile
1089 3047 1225 3092 verba
1253 3048 1479 3106 superiora
1506 3049 1625 3092 nacti
1654 3047 1810 3093 mutari
1838 3035 2059 3108 potuerint
2086 3047 2133 3095 in
2161 3047 2381 3107 superiore
2408 3051 2523 3093 noct-3
2553 3047 2604 3107 (i.
2628 3063 2665 3093 e.

347 3124 467 3160 nocte
501 3117 572 3174 in)
604 3144 658 3151 —-
695 3116 812 3162 unde
848 3132 1034 3175 sequens
1071 3131 1245 3176 quoque
1283 3116 1538 3162 vocabulum
1576 3117 1805 3177 depravari
1835 3131 1976 3176 paene
2000 3132 2178 3162 ,necesse
2208 3124 2314 3162 erat.
2377 3117 2487 3163 Cum
2513 3116 2667 3162 milites

348 3184 481 3231 habet
518 3183 810 3232 Carrariensis
847 3185 940 3230 cod.
972 3186 1064 3231 sine
1100 3185 1315 3246 particula
1351 3201 1449 3247 que,
1495 3185 1629 3231 Norv.
1661 3202 1756 3231 cum
1791 3186 2025 3247 militesque
2060 3186 2244 3231 Palatin.
2285 3202 2378 3232 mom
2416 3186 2668 3249 militisque,-

265 3306 272 3312 .
349 3254 482 3298 ceteri
511 3254 654 3299 bonae
682 3260 812 3299 notae
840 3255 940 3299 libri
968 3255 1181 3316 praebent
1210 3255 1555 3316 commilitesgue5
1584 3256 1699 3300 unde
1730 3255 1846 3301 haud
1868 3262 2029 3301 temere
2052 3256 2273 3316 conjicias,
2304 3265 2408 3300 esset
2429 3270 2509 3316 pro
2534 3264 2667 3303 essm

347 3324 555 3383 scriptum
579 3324 834 3385 compendio
858 3340 937 3368 suo
969 3334 1031 3384 eEt
1058 3331 1151 3387 tum
1173 3340 1255 3385 pro
1280 3330 1322 3368 ἔε
1346 3325 1601 3385 adrogatum
1624 3327 1823 3387 proximo
1847 3326 2072 3383 vocabulo,
2095 3333 2185 3370 tum
2209 3341 2290 3386 pro
2315 3342 2358 3369 es
2382 3336 2421 3369 et
2442 3332 2667 3387 acceptum

347 3399 392 3437 et
419 3400 599 3453 propter
627 3394 884 3451 absolutam,
916 3395 1055 3453 qualis
1086 3394 1223 3438 videri
1252 3401 1424 3453 poterat
1453 3396 1594 3454 sequi,
1623 3396 1879 3439 sententiam
1905 3395 2120 3449 (nonnulli
2150 3422 2206 3430 —-
2237 3396 2523 3455 accepiebamt)
2553 3408 2666 3440 com-
