3106 3693
1512 36 1518 53 '
1546 33 1616 104 18

420 198 497 242 siti
523 158 686 244 faciunt
713 197 830 257 quod
858 205 1140 258 praeceptum
1169 205 1264 242 erat
1290 198 1353 256 (9.
1377 201 1457 255 62,
1479 200 1553 257 3),
1581 201 1890 260 progr-mue
1910 200 2025 249 inter
2047 144 2157 246 duo·¹
2179 200 2318 245 vanos
2340 214 2518 248 averno·
2460 164 2758 263 w·
2817 199 2819 201 ¹

420 266 576 313 milite·
604 266 842 328 depellunt
901 266 1078 312 Diserte
1106 265 1287 331 Caesar,
1314 267 1389 312 ubi
1411 269 1595 327 scaphas
1606 277 1662 313 et
1685 269 1898 314 actuariae
1921 283 2069 314 naves·
2076 263 2282 317 discernit
2294 265 2357 313 11)
2380 270 2566 317 navibus
2578 271 2741 337 19191,

420 350 601 397 mamper
619 334 888 397 Pompeium
915 333 1054 381 addit
1062 335 1338 396 praecepisse
1367 336 1495 403 91ἱᾶ
1492 353 1535 382 a
1562 352 1762 399 quoque
1776 337 1921 397 fieri
1949 333 2081 386 s'elzet.
2133 333 2365 419 Β19δὸ
2374 334 2521 384 1111αὸ
2549 339 2630 384 11-
2623 343 2742 403 1111
2820 386 2823 388 ,

419 402 578 451 milites
615 410 705 450 191
728 423 817 466 pen·
853 423 996 458 mare,
1015 405 1112 450 sed
1140 422 1227 464 per
1261 405 1419 449 molem
1445 408 1530 464 (sic
1559 409 1674 451 enim
1702 408 1818 452 infra
1844 404 2127 465 legendum),
2163 409 2254 452 n've
2271 408 2353 462 11
2362 406 2472 465 ipsiu
2484 399 2673 466 13386
2692 410 2740 453 in

419 469 541 521 m'are
579 475 776 535 conjecto
814 482 1074 543 extructam,
1113 475 1209 520 sive
1240 475 1479 520 naturalem
1518 476 1600 535 (cf.
1623 475 1841 534 111,40)
1881 474 2089 535 aliquam,
2129 482 2259 535 quam
2286 476 2404 520 nacti
2431 482 2534 532 sunt
2559 484 2615 522 99
2634 477 2742 537 ipso

417 543 535 600 1999,
577 560 665 605 quo
701 553 852 590 contra
880 539 1000 590 mare
1028 552 1299 589 transversus
1327 543 1468 597 vallus
1497 543 1687 596 nondum
1718 552 1811 589 erat
1839 544 2068 604 perfectus.
2128 542 2204 591 Sic
2233 544 2426 600 demum,
2465 551 2644 605 recepta
2671 558 2739 600 91,

421 629 554 674 quam
587 614 911 674 proposuimus,
948 612 1180 659 verborum
1218 612 1518 662 emendatione
1552 628 1603 657 ac
1633 613 1800 672 majore
1827 612 2174 675 interpunctione
2202 620 2300 674 post
2329 614 2577 661 emaum
2574 613 2739 674 posite,

419 682 615 728 distincte
646 684 790 728 omnia
819 682 1020 728 videntur
1040 689 1180 742 atque
1210 696 1266 727 ex
1296 681 1445 727 ordine
1475 682 1772 728 demonstrari.
1831 683 2025 730 Primum
2054 684 2313 744 repentinus
2334 691 2469 746 atque
2492 683 2740 745 inopinam

418 758 465 797 et
492 748 714 813 copiarum
744 753 1012 798 terrestrium
1042 759 1087 797 et
1108 751 1285 798 navium
1311 750 1521 798 adventus
1546 751 1805 808 ostenditur,
1835 753 1990 801 deinde
2012 753 2114 813 quid
2138 753 2409 799 circumvecti
2431 753 2619 811 milites,
2634 751 2739 813 qnid

418 821 649 880 legionarii
677 823 967 881 profecerint3
999 822 1187 881 denique
1217 837 1344 881 quem
1378 838 1534 878 usum,
1552 838 1738 881 eumque
1766 824 2090 882 gravissimum,
2125 837 2258 867 naves
2286 824 2444 882 longae
2471 837 2530 868 ex
2560 822 2738 868 oonsilio

417 890 603 951 Pompei
631 898 733 937 ante
764 899 891 952 capto
919 893 966 936 in
995 902 1161 936 'summo
1191 891 1256 935 rei
1285 891 1528 934 discrimine
1557 892 1856 951 praebuerint,
1887 893 2139 951 exponitur.
2183 894 2405 938 Adue-sae
2434 900 2577 938 autem
2604 907 2738 938 nava

417 978 445 1005 1.
468 975 508 1006 9.
536 961 721 1006 adverso
750 969 892 1007 rostro
920 962 965 1005 in
995 961 1182 1018 aliquem
1212 960 1353 1003 locum
1384 959 1569 1004 directae
1598 976 1728 1019 saepe
1757 976 1938 1005 numero
1952 969 2368 1015 „commemorantum
2428 961 2495 1008 Cf.
2519 962 2560 1006 b.
2587 961 2641 1006 al.
2669 965 2737 1007 15.

416 1039 466 1074 ut
508 1030 636 1074 mdia
679 1040 927 1075 transversa
971 1030 1140 1087 (navis)
1183 1029 1290 1072 hosti
1334 1029 1566 1072 obiceretur
1608 1057 1657 1063 —
1695 1030 1773 1073 sed
1803 1045 1967 1087 semper
2000 1030 2261 1074 venientibus
2301 1031 2509 1075 adversae
2548 1046 2737 1077 oomcrre-

417 1107 522 1143 rent.
582 1099 640 1143 ib.
673 1114 708 1143 c.
733 1102 803 1144 46.
832 1115 962 1143 naves
997 1099 1207 1143 adversae
1242 1099 1400 1141 uostris
1439 1107 1758 1143 concurrerunt.
1825 1097 1883 1141 Et
1918 1097 2062 1147 addito
2098 1098 2299 1144 veniendi
2334 1099 2470 1144 verbo
2503 1100 2559 1144 ib.
2596 1114 2633 1143 9.
2664 1102 2734 1143 45.

417 1169 646 1213 adversam
670 1169 733 1212 ad
753 1183 798 1212 se
820 1170 1051 1213 venientem
1074 1183 1224 1212 navem
1249 1162 1564 1212 animadvertit.
1614 1166 1913 1212 Constituendi
1941 1167 2127 1227 denique
2152 1168 2223 1213 vel
2246 1168 2504 1212 consistendi
2525 1167 2734 1214 vocabulo

417 1238 589 1295 adjecto
619 1239 660 1281 b.
686 1239 741 1281 al.
766 1242 836 1281 14.
870 1239 1158 1297 adversasque
1180 1253 1310 1280 naves
1333 1238 1519 1281 hostibus
1544 1239 1765 1280 constituit.
1812 1238 1861 1280 b:
1873 1238 1977 1295 gall.
2002 1237 2098 1292 III,
2128 1240 2180 1279 14
2202 1254 2333 1281 naves
2358 1254 2502 1281 eorum
2519 1238 2740 1296 profectae

417 1323 472 1350 eoe
501 1317 638 1365 portu
675 1309 835 1351 nostris
875 1308 1082 1351 adversae
1120 1309 1402 1351 constiterunt.
1463 1306 1558 1351 Nec
1587 1322 1690 1350 vero
1720 1307 1893 1361 mirum,
1932 1306 2048 1364 quod
2079 1321 2135 1349 ex
2164 1307 2233 1363 iis,
2263 1322 2372 1367 quos
2401 1307 2529 1351 hodie
2560 1299 2739 1351 collatos

416 1375 645 1432 habemus,
685 1376 805 1421 libris
848 1393 946 1421 mss.
995 1377 1144 1436 optimi
1184 1377 1275 1420 fere
1315 1376 1519 1419 unanimo
1561 1392 1769 1420 consensu
1810 1378 1858 1433 (a
1894 1377 1921 1419 b
1958 1377 1986 1419 d
2023 1377 2072 1433 e)
2112 1377 2312 1420 omittunt
2350 1378 2486 1421 verba
2523 1393 2738 1436 novusque

416 1461 572 1490 eorum.
626 1444 740 1491 Cum
769 1447 962 1505 genitivo
992 1446 1173 1500 scilicet,
1209 1446 1282 1503 qui
1311 1445 1540 1490 videbatur
1568 1461 1678 1500 esse,
1708 1445 1963 1504 Pompejaui
1992 1446 2200 1489 eaeercitus
2231 1445 2364 1490 artius
2388 1445 2737 1505 conjungendam

417 1528 570 1561 vocem
609 1516 819 1561 adventus
856 1516 1023 1576 putavit
1052 1515 1272 1569 librarius,
1312 1515 1383 1573 qui
1415 1514 1700 1575 archetypum
1730 1530 1878 1561 eorum
1908 1515 2114 1561 librorum
2144 1515 2334 1575 scripsit,
2363 1515 2564 1575 idemque
2594 1516 2737 1560 extite-

418 1595 539 1641 runt,
571 1593 618 1629 ut
647 1600 725 1629 suo
756 1587 959 1630 adventui
990 1585 1351 1639 accommodaret,
1383 1585 1564 1628 mutavit
1592 1585 1635 1627 in
1666 1587 1812 1629 extitit.

1306 1727 1417 1775 Lib.
1449 1726 1547 1775 III.
1588 1743 1628 1775 c.
1665 1728 1754 1784 69,
1795 1730 1842 1774 4.

503 1837 690 1884 Sinistro
715 1853 850 1883 cornu
874 1838 1047 1894 milites,
1078 1854 1175 1883 cum
1200 1853 1255 1882 ex
1280 1838 1394 1882 vallo
1418 1838 1677 1897 Pompejum
1699 1838 1849 1884 adesse
1874 1845 1916 1882 et
1940 1854 2040 1883 suos
2064 1839 2218 1897 fugere
2242 1846 2481 1894 cernerent,
2512 1839 2649 1894 veriti,
2678 1854 2735 1883 ne

502 1908 711 1968 angustiis
729 1907 1131 1964 intercluderentur,
1152 1923 1247 1953 cum
1267 1915 1389 1954 extra
1409 1915 1451 1954 et
1467 1908 1582 1953 intus
1598 1908 1764 1953 hostem
1784 1908 2007 1964 haberent,
2032 1908 2195 1964 eodem,
2219 1924 2305 1967 quo
2322 1915 2542 1965 venerant,
2566 1918 2736 1968 receptu

502 1978 581 2021 sibi
613 1978 915 2035 consulebant,
955 1978 1184 2038 omniaque
1215 1985 1339 2022 erant
1367 1978 1594 2034 tumultus,
1634 1978 1814 2033 timoris,
1853 1978 1984 2037 fugae
2013 1977 2164 2037 plena,
2201 1978 2310 2023 adeo
2339 1984 2407 2034 ut,
2444 1992 2541 2023 cum
2572 1977 2736 2024 Caesar

501 2048 628 2106 signa
656 2047 914 2108 fugientium
943 2063 1074 2090 manu
1104 2047 1337 2106 prenderet
1366 2055 1408 2091 et
1432 2049 1665 2092 consistere
1683 2048 1877 2105 juberet,
1909 2047 1979 2091 alii
2003 2048 2191 2091 dimissis
2215 2050 2332 2107 equis
2356 2048 2540 2093 eundem
2566 2063 2737 2093 cursum

503 2117 800 2176 eonfuyerent,
838 2118 910 2159 alii
941 2133 997 2160 ex
1026 2125 1144 2160 metu
1175 2118 1303 2161 etiam
1332 2118 1456 2176 signa
1486 2118 1768 2173 dimitterent,
1805 2131 1947 2176 neque
1977 2118 2202 2176 quisquam
2232 2118 2405 2161 omnino
2436 2118 2698 2163 consisteret.

553 2209 728 2253 Nullius
767 2210 973 2253 momenti
1011 2217 1053 2253 et
1089 2224 1267 2270 prorsus
1305 2224 1674 2270 supervacaneum
1709 2215 1772 2253 est
1802 2200 1997 2265 monere,
2038 2209 2189 2254 eodem
2219 2224 2305 2268 quo
2336 2209 2554 2255 venissent
2581 2209 2735 2257 itinere

416 2279 572 2322 milites
614 2295 660 2323 se
701 2280 929 2340 recepisse.
991 2280 1127 2335 Quasi
1157 2280 1247 2322 ulla
1277 2280 1463 2339 eligendi
1494 2281 1655 2323 itineris
1685 2287 1876 2338 potestas
1906 2286 2037 2337 atque
2068 2280 2185 2338 optio
2209 2279 2356 2324 relicta
2387 2281 2521 2324 esset!
2581 2280 2734 2340 Neque

416 2348 577 2392 indicat
607 2349 781 2408 quidem
815 2349 1007 2393 codicum
1044 2350 1172 2393 lectio
1209 2360 1377 2407 receptu
1414 2351 1485 2393 vel
1523 2352 1710 2407 receptui
1743 2350 1885 2407 ipsum
1921 2349 2022 2403 iter,
2062 2349 2177 2406 quod
2207 2350 2531 2408 interpretando
2562 2351 2735 2395 demum

416 2426 547 2476 atque
574 2419 819 2478 supplendo
848 2418 1150 2462 inculcandum
1181 2420 1417 2462 sententiae
1450 2427 1599 2461 esset.
1635 2419 1747 2461 Nam
1777 2427 1948 2476 receptu
1989 2419 2188 2461 nimirum
2229 2419 2348 2461 nullo
2389 2426 2617 2474 venerant,
2661 2420 2735 2479 qui

414 2495 507 2531 tum
546 2504 720 2547 quoque
758 2504 845 2532 non
883 2489 1148 2548 recipiebant
1184 2504 1279 2532 sese
1318 2489 1497 2532 servatis
1530 2489 1770 2543 ordinibus,
1807 2503 1893 2530 non
1924 2488 2105 2531 honesto
2135 2502 2306 2531 recessu
2336 2503 2414 2531 sua
2444 2495 2582 2532 castra
2611 2504 2734 2548 repe-

413 2557 584 2612 tebant,
615 2557 692 2601 sed
722 2574 818 2601 cum
848 2558 1033 2601 tumultu
1058 2559 1153 2616 jam
1183 2573 1234 2601 ac
1262 2574 1427 2602 summo
1457 2558 1610 2601 timore
1640 2558 1770 2616 fugae
1801 2572 1847 2601 se
1877 2558 2047 2601 dabant.
2093 2557 2187 2603 Sibi
2212 2559 2374 2617 quippe
2396 2558 2579 2602 consulit
2599 2559 2737 2614 miles,

411 2642 509 2670 cum
539 2626 766 2671 immemor
797 2627 930 2670 officii
960 2627 1201 2686 despondet
1229 2628 1438 2684 animum,
1480 2628 1689 2671 detrectat
1718 2642 1931 2685 pugnam,
1968 2627 2093 2684 signa
2120 2626 2325 2684 relinquit
2361 2640 2569 2685 suamque
2604 2641 2735 2685 quam

409 2696 601 2740 omnium
642 2695 826 2741 salutem
864 2695 1078 2755 potiorem
1118 2696 1258 2741 habet.
1319 2696 1474 2756 Itaque
1517 2711 1629 2755 quae
1668 2702 1908 2755 sequuntur
1949 2695 2162 2755 particula
2201 2712 2282 2755 que
2320 2695 2564 2755 explicandi
2605 2712 2735 2742 causa

408 2766 507 2826 huic
543 2766 626 2825 ipsi
665 2766 905 2812 sententiae
943 2765 1113 2810 adnexa
1149 2780 1236 2810 non
1274 2774 1495 2826 receptum
1525 2780 1666 2825 neque
1706 2765 1788 2809 iter
1825 2765 1901 2809 sed
1941 2766 2089 2824 fugam
2128 2780 2288 2824 magno
2326 2766 2490 2825 impetu
2528 2765 2734 2825 praecipi·

409 2842 540 2879 tatam
584 2836 837 2894 loquuntur.
896 2835 997 2879 Non
1028 2842 1188 2894 potest,
1228 2842 1273 2879 ut
1305 2835 1469 2880 Caesar
1505 2836 1744 2895 scripserit:
1786 2836 1946 2889 eodem,
1987 2851 2069 2894 quo
2104 2844 2326 2888 venerant,
2369 2844 2588 2893 receptu
2628 2835 2736 2878 sibi

409 2905 778 2959 consulebant;
818 2905 1008 2964 scripsit,
1050 2904 1132 2947 nisi
1167 2918 1235 2947 me
1271 2905 1413 2950 omnia
1449 2904 1625 2961 fallunt,
1666 2905 1806 2949 eodem
1844 2906 2037 2963 impetu
2065 2904 2149 2948 sibi
2178 2903 2470 2957 consulebant,
2511 2904 2586 2963 qui
2613 2910 2734 2949 tanto

410 2974 573 3052 impetu
605 2982 839 3030 venerant,
878 2981 926 3018 ut
956 2973 1146 3017 celeriter
1176 2975 1369 3033 aggressi
1398 2975 1689 3034 Pompejanos
1721 2990 1776 3019 ex
1806 2974 1922 3017 vallo
1951 2973 2232 3019 deturbarent
2261 2981 2304 3019 et
2333 2975 2487 3018 virtute
2515 2973 2736 3031 vincentes

411 3044 554 3102 primo
595 3044 640 3087 in
681 3045 849 3102 majora
890 3051 1053 3100 castra,
1095 3051 1195 3102 post
1235 3044 1362 3088 etiam
1403 3045 1447 3087 in
1489 3044 1709 3088 castellum
1748 3045 2050 3104 irrumperent.
2109 3043 2223 3089 Vide
2260 3059 2352 3104 cap.
2387 3046 2463 3100 67,
2503 3046 2600 3087 4—
2612 3046 2653 3086 6.
2692 3050 2735 3088 et

409 3113 560 3158 confer
589 3114 627 3157 b.
663 3130 706 3172 g.
738 3114 813 3169 V,
850 3116 915 3158 18.
955 3130 1006 3157 ea
1038 3113 1339 3157 celeritate
1357 3124 1482 3174 atque
1511 3115 1698 3172 impetu
1721 3113 1874 3158 milites
1904 3116 2057 3159 ierunt.
2116 3113 2226 3158 Ibid.
2253 3113 2340 3170 VI,
2372 3116 2427 3157 39
2469 3113 2564 3156 Hos
2594 3113 2733 3157 subse-

407 3185 497 3228 cuti
526 3182 695 3227 calones
724 3186 964 3244 equitesque
993 3184 1163 3228 eodem
1192 3185 1388 3242 impetu
1418 3183 1601 3228 militum
1625 3186 1780 3229 virtute
1802 3194 2040 3230 servantur.
2089 3183 2203 3241 VH,
2229 3186 2284 3228 28
2314 3185 2459 3235 veriti,
2489 3199 2544 3226 ne
2567 3185 2733 3227 omnino

407 3269 504 3311 spes
521 3257 670 3313 fuqae
699 3254 937 3307 tolleretur,
979 3254 1153 3314 abjectis
1184 3256 1337 3307 armis,
1378 3255 1553 3299 ultimas
1582 3255 1732 3314 oppidi
1754 3265 1906 3314 partes
1937 3256 2222 3300 continenti
2258 3256 2449 3312 impetu
2476 3254 2731 3311 petiverunt.

404 3323 447 3367 b.
480 3338 515 3367 c.
539 3324 640 3380 ΙΠ,
671 3326 697 3368 9
727 3324 817 3368 His
848 3326 1126 3384 eapuqnatis,
1160 3319 1333 3368 eodem'
1356 3327 1549 3385 impetu
1580 3325 1717 3368 altera
1747 3325 1832 3383 (99.
1866 3326 2031 3383 castra)
2062 3319 2162 3372 sunt
2190 3324 2345 3367 adorti.
2407 3316 2548 3378 Quam
2579 3325 2734 3368 usitata

407 3407 459 3437 ea
488 3409 575 3438 vox
604 3394 648 3438 in
678 3395 835 3440 talibus
864 3395 994 3439 rebus
1023 3395 1076 3438 sit
1108 3393 1304 3451 Caesari,
1335 3410 1390 3440 ex
1420 3395 1487 3439 his
1519 3396 1619 3438 satis
1652 3402 1782 3454 patet.
2733 3398 2739 3403 “
