3106 3693
1262 239 1373 292 Lib.
1410 240 1585 292 IIL-c.
1618 242 1712 306 63,
1752 243 1798 289 5.

390 342 579 412 ,ζΝαω
611 352 752 408 ΝΜ
788 366 907 409 mare
942 359 1117 400 nostrae
1154 353 1350 398 cohortes
1387 368 1529 402 nonae
1568 352 1753 412 legionis
1783 353 2107 409 excubuerant,¹
2130 368 2346 399 accessere
2374 353 2515 399 subito
2542 353 2685 414 prima

406 460 411 466 .
461 423 560 483 luce
581 422 851 483 :fompejani
892 424 1121 475 uenatus,
1161 437 1376 482 novusque
1410 437 1555 467 eorum
1591 422 1796 476 adventus
1833 423 1991 474 atim,-
2032 416 2157 465 simul
2194 423 2375 467 navibus
2410 422 2685 469 circumvecti

407 540 410 544 ³
461 491 618 538 milites
645 492 689 536 in
720 491 977 548 exteriorem
1007 492 1169 549 vallum
1197 491 1286 535 tela
1307 490 1526 548 jaciebant
1554 491 1779 550 fossaeque
1809 504 1974 548 aggere
2004 491 2347 549 complebantur,
2386 498 2430 536 et
2458 492 2683 551 legionarii

456 560 672 623 'interioris
695 560 939 617 munitionis
962 559 1211 606 defensores
1233 559 1359 602 scalis
1385 559 1563 603 admotis
1588 559 1808 604 tormentis
1834 559 2042 617 cujusque
2065 559 2239 618 generis
2267 560 2489 604 terrebant
2518 575 2555 604 e.
2580 576 2621 618 q.
2647 575 2682 602 s.

504 643 637 701 Haec
664 659 766 697 vett.
796 652 912 706 edd„
949 652 1089 696 etiam
1108 650 1352 705 Tar-vinias,
1390 651 1482 695 sine
1512 651 1639 696 dubio
1670 666 1725 696 ex
1755 659 1947 698 veterum
1978 652 2173 697 codicum
2202 652 2467 697 auctoritate.
2526 651 2684 710 Itaque

375 721 432 765 ad
459 714 772 781 Nipspoedeium
799 733 938 778 usque
967 734 1048 779 pro
1078 720 1256 778 vulgata
1284 727 1376 764 erat
1405 734 1459 764 ea
1488 720 1627 764 lectio.
1684 721 1769 765 Hic
1800 722 2071 780 Scaligerum
2101 728 2271 766 secutus
2306 722 2492 780 primum
2529 735 2680 765 vocem

373 792 581 834 coercitas
620 797 668 832 ut
706 796 945 847 suspectam
988 788 1181 842 inclusit3
1230 788 1442 831 exercitus
1484 788 1772 846 Pompejanos
1815 791 2076 834 contendens
2118 790 2262 833 vocari
2305 804 2393 833 non
2433 804 2562 848 posse
2606 804 2679 834 eas

373 855 591 913 cobortes,
615 872 727 915 quae
750 872 807 901 ne
828 871 961 900 unum
986 855 1159 914 quidem
1181 855 1324 911 illum,
1349 870 1478 914 quem
1500 855 1733 915 Pompejus
1758 858 1954 912 haberet,
1984 859 2216 901 exercitum
2240 858 2472 902 efficerent.
2513 858 2679 902 Verum

373 927 445 970 hic
480 932 525 971 et
560 925 673 970 infra
701 925 797 981 ΠΙ,
837 926 915 980 81,
934 926 978 967 2
1016 923 1253 983 (Larissaei
1285 950 1341 957 —
1370 926 1539 984 maqm's
1568 925 1819 969 eoeercitibus
1850 923 2064 984 Scipionis
2095 925 2364 981 tenebantur)
2402 940 2547 971 errare
2575 926 2679 970 mihi

373 995 573 1040 videntur
603 995 678 1055 qui
706 987 870 1055 negant
896 1001 1043 1054 partes
1072 994 1198 1038 etiam
1230 995 1355 1037 unius
1385 994 1596 1038 exercitus
1627 994 1776 1039 eadem
1806 995 2115 1053 significatione
2145 995 2297 1053 dignas
2328 1008 2433 1040 esse.
2495 994 2680 1040 Conficit

373 1078 544 1109 omnem
580 1064 634 1108 de
670 1078 722 1109 ea
757 1077 807 1109 re
842 1063 1170 1124 disputationem
1205 1062 1323 1107 locus
1359 1062 1455 1106 bic:
1494 1063 1651 1107 crebris
1685 1063 1863 1123 Pompei
1901 1063 2052 1108 litteris
2090 1063 2432 1123 castiqabaaw,
2479 1065 2679 1123 quoniam

364 1135 512 1193 primo
533 1136 760 1178 venientem
785 1133 1011 1177 Caesarem
1034 1148 1119 1174 non
1134 1132 1463 1190 prohibuissent,
1487 1141 1536 1176 ut
1556 1132 1784 1192 reliquos
1808 1133 1897 1192 ejus
1924 1136 2180 1176 exercitus
2203 1133 2468 1192 impedirent.
2500 1132 2589 1189 III,
2608 1134 2678 1176 25.

371 1203 527 1262 Neque
568 1203 689 1261 origo
728 1203 864 1256 vocis,
909 1202 1196 1260 etymologiae
1236 1202 1444 1243 rationem
1486 1202 1527 1244 si
1559 1202 1875 1260 persequimur,
1920 1202 2089 1245 videtur
2128 1217 2386 1261 repugnare.
2447 1202 2529 1244 Est
2566 1202 2679 1244 enim

372 1273 580 1316 eoeercitus
610 1272 664 1315 ab
695 1272 845 1315 eadem
875 1271 1039 1323 radice,
1071 1285 1154 1327 qua
1182 1269 1428 1327 germanice
1460 1270 1663 1324 &dmum
1697 1285 1854 1328 graece
1886 1272 2071 1327 α’γείρω,
2112 1279 2154 1314 et
2182 1271 2394 1330 significat
2423 1270 2530 1313 adeo
2561 1269 2677 1312 aliud

370 1341 478 1382 nihil
507 1341 588 1382 nisi
618 1340 671 1383 τὸ
704 1342 1015 1395 (ἐγηγερμένον.

508 1409 623 1453 Petit
652 1416 794 1453 autem
825 1409 930 1452 haec
958 1416 1107 1452 nostra
1143 1407 1397 1466 conjiciendi
1434 1407 1610 1450 audacia
1645 1408 1815 1452 veniam
1852 1407 1972 1464 inde,
2013 1409 2128 1468 quod
2166 1424 2222 1454 ne
2252 1409 2467 1454 Curtius
2504 1408 2676 1468 quidem

373 1480 418 1521 in
448 1478 638 1537 Etymol.
667 1493 812 1537 graec.
843 1479 897 1521 de
928 1479 1061 1521 verbo
1094 1479 1287 1534 ἀγείρειν
1318 1483 1478 1520 certum
1508 1476 1737 1535 quidquam
1768 1484 1898 1535 atque
1930 1478 2200 1536 exploratum
2230 1479 2376 1533 affert3
2406 1478 2461 1522 de
2485 1478 2677 1522 exercitu

379 1554 541 1602 autem,
572 1548 689 1605 quod
717 1548 867 1602 sciam,
898 1547 1158 1605 etymologia
1176 1546 1324 1603 ‚omnis
1353 1552 1478 1589 tacet.

511 1615 745 1674 Nunquam
783 1622 898 1660 certe
928 1615 1086 1674 poterit
1116 1615 1417 1671 demonstrari,
1455 1615 1667 1673 quomodo
1699 1616 1997 1659 excercitus:
2028 1617 2245 1675 copiarum
2274 1630 2430 1676 agmen
2459 1615 2676 1660 derivatus

371 1685 425 1727 sit
455 1686 508 1727 ab
539 1700 739 1728 exercere.
795 1685 964 1742 Nempe
994 1685 1076 1726 hoc
1105 1684 1245 1741 ipsum
1274 1684 1454 1727 verbum
1485 1685 1629 1742 aliqua
1659 1685 1810 1728 saltem
1841 1700 1897 1728 ex
1927 1692 2049 1743 parte
2080 1686 2362 1729 consociatam
2391 1692 2434 1728 et
2463 1685 2675 1743 originem

371 1762 414 1797 et
453 1755 671 1798 notionem
712 1755 879 1798 videtur
920 1754 1084 1796 habere
1125 1767 1221 1795 cum
1260 1767 1419 1811 graeco
1460 1756 1641 1809 ἐγείρειν
1679 1761 1722 1797 et
1761 1755 2007 1813 germanico
2051 1755 2271 1811 febeeten
2313 1764 2397 1803 (Ξ.-
2428 1756 2671 1813 bebtfingen)

368 1825 567 1879 feboten
598 1830 681 1874 (z
706 1826 919 1868 beotbeiten
944 1838 1001 1866 sc.
1036 1828 1111 1867 bas
1137 1824 1268 1876 ῧείῠ).
1318 1823 1457 1865 Arceo
1484 1830 1624 1869 autem
1653 1823 1793 1882 (unde
1817 1823 2015 1866 derivant
2040 1825 2253 1881 exercere)
2286 1832 2328 1867 et
2353 1839 2514 1866 coerceo
2538 1823 2674 1865 mani-

369 1893 478 1936 festo
508 1892 772 1952 respondent
800 1893 968 1951 graecis
992 1897 1128 1948 εἲργω
1150 1899 1192 1936 et
1216 1895 1433 1947 εἵργνυμι,
1464 1894 1717 1951 germanicis
1743 1896 1926 1950 melnen
1952 1895 2033 1950 (cf.
2058 1899 2197 1950 ἕργμα
2223 1901 2265 1937 et
2289 1900 2425 1950 ἔρυμα
2449 1911 2508 1934 =
2532 1893 2673 1949 arma)

369 1968 412 2005 et
441 1964 632 2017 mabren
665 1962 993 2018 (fflemubtfum).
1055 1961 1145 2006 Sed
1182 1977 1234 2005 ea
1265 1963 1500 2005 accuratius
1531 1962 1794 2020 dispicienda
1825 1970 1954 2021 atque
1985 1963 2233 2006 disserenda
2263 1963 2539 2021 relinquimus
2569 1962 2673 2004 viris

367 2031 519 2087 doctis,
558 2032 631 2090 qui
666 2030 805 2075 studia
844 2032 1130 2090 etymologica
1166 2031 1442 2089 profitentur3
1483 2033 1605 2075 nobis
1643 2031 1797 2074 sufficit
1834 2033 1985 2077 leviter
2014 2034 2296 2090 significasse,
2336 2033 2370 2075 si
2399 2033 2525 2076 modo
2556 2038 2674 2076 recte

369 2100 604 2159 conjecisse
643 2100 881 2145 videbimur
919 2101 972 2144 de
1010 2116 1121 2152 vera,
1150 2100 1265 2143 vocis
1303 2102 1511 2144 eaeercitus
1550 2100 1832 2158 originatione
1870 2108 1999 2159 atque
2029 2102 2216 2146 notione.
2276 2101 2333 2144 Et
2362 2102 2469 2145 haee
2500 2100 2674 2158 quidem

366 2170 402 2212 si
443 2184 548 2213 vera
584 2183 670 2213 non
710 2176 838 2225 esset,
879 2170 951 2229 qui
988 2169 1126 2228 potuit
1155 2167 1279 2227 Virg.
1313 2167 1476 2228 Georg.
1507 2168 1555 2225 I,
1590 2171 1667 2212 183
1706 2184 1926 2215 corvorum
1965 2172 2193 2216 exercitum
2228 2170 2483 2229 appellare?
2543 2169 2674 2224 Quod

368 2245 511 2283 autem
542 2238 721 2282 Plautus
762 2241 989 2283 emer-citum
1029 2238 1242 2298 quendam
1281 2239 1448 2297 profert
1481 2241 1808 2298 yymnasticum,
1851 2240 1921 2284 vel
1958 2240 2042 2285 alio
2080 2241 2175 2286 loco
2215 2256 2324 2294 eum,
2368 2242 2441 2299 qui
2480 2240 2673 2284 lacrimis

368 2308 504 2352 alicui
535 2310 785 2368 imperetur,
824 2323 875 2353 ea
905 2322 1008 2351 vero
1039 2322 1126 2350 vox
1156 2321 1242 2350 non
1272 2308 1412 2350 minus
1442 2316 1558 2352 recte
1589 2309 1805 2353 derivatur
1835 2323 1860 2352 a
1890 2310 2022 2354 verbo
2053 2324 2263 2363 excercere,
2302 2324 2429 2369 quam
2465 2310 2673 2354 exercitor-

371 2386 414 2422 et
444 2380 703 2422 exercitium.
2014 2369 2020 2372 .

504 2447 670 2491 Verum
709 2448 1022 2506 qualiacunque
1060 2463 1113 2491 ea
1148 2456 1267 2501 sunt,
1306 2462 1417 2505 quae
1455 2448 1595 2491 adhuc
1632 2449 1959 2506 disputavimus,
2005 2450 2087 2492 hoc
2128 2458 2242 2493 certe
2282 2450 2417 2507 liquet
2458 2448 2669 2493 exercitus

363 2516 654 2576 Pompejanos
693 2525 838 2560 nostro
879 2517 973 2561 loco
1013 2532 1107 2561 esse
1146 2526 1361 2559 terrestres
1403 2518 1546 2575 copias
1586 2533 1611 2559 a
1640 2517 1851 2576 Pompejo
1887 2519 2055 2574 missas,
2097 2534 2254 2577 easque
2285 2519 2445 2578 opponi
2473 2518 2669 2560 militibus

364 2586 548 2631 navibus
577 2586 782 2646 impositis
811 2587 836 2629 i.
862 2603 897 2631 e.
926 2586 1061 2630 classi.
1117 2585 1186 2632 Cf
1210 2585 1303 2629 Liv.
1328 2585 1507 2641 XXVI
1540 2589 1593 2628 42
1626 2587 1764 2630 eodem
1795 2598 1977 2646 tempore
2007 2599 2044 2632 et
2074 2592 2282 2632 excercitus
2311 2581 2601 2632 ostendebatur
2631 2596 2669 2629 et

365 2655 516 2700 classis
550 2656 745 2701 intrabat
766 2666 970 2715 portum,·
1005 2656 1079 2715 qui
1113 2655 1231 2700 locus
1266 2664 1413 2699 nostro
1451 2656 1684 2699 simillimus
1722 2664 1797 2700 est.
1859 2657 1957 2702 Hoc
1995 2659 2107 2703 enim
2137 2660 2277 2717 ipsum
2307 2658 2479 2702 Caesari
2510 2670 2668 2700 memo-

362 2725 546 2769 randum
583 2733 695 2781 erat,
734 2742 864 2769 naves
907 2741 1077 2784 quoque
1107 2740 1194 2768 una
1225 2740 1321 2768 cum
1352 2726 1608 2769 exercitibus
1637 2726 1914 2784 Pompejanis
1943 2729 1987 2770 in
2018 2735 2291 2786 conspectum
2323 2728 2486 2769 venisse
2517 2726 2668 2769 cohor-

361 2793 470 2838 tium
513 2793 567 2856 ad
609 2794 824 2854 duplicem
864 2794 1023 2840 vallum
1065 2793 1376 2839 excubantIum.
1437 2793 1586 2850 Quare
1626 2809 1677 2839 ea
1718 2810 1829 2854 quae
1869 2805 2107 2856 sequuntur
2145 2797 2276 2841 verba
2314 2796 2371 2839 ita
2411 2793 2668 2853 corrigenda

364 2879 543 2908 censeo:
579 2862 795 2924 ‘navesque
824 2881 968 2909 eorum
998 2865 1204 2908 adversae
1233 2867 1468 2909 eoetiterunt.
1516 2865 1709 2909 Verbum
1739 2868 1919 2909 exsistere
1948 2867 2002 2909 de
2033 2868 2159 2910 rebus
2190 2880 2299 2924 quae
2327 2872 2505 2923 repente
2535 2880 2668 2923 appa·

360 2940 472 2989 rent,
495 2934 628 2992 vulgo
653 2935 854 2993 usurpari
878 2935 978 2978 satis
1003 2942 1163 2978 notum.
1205 2934 1272 2979 Cf.
1291 2935 1332 2977 b.
1350 2935 1426 2977 afr.
1449 2937 1517 2990 69,
1545 2938 1564 2976 1
1592 2934 1744 2978 milites
1768 2951 1822 2978 eoe
1846 2935 2020 2979 collibus
2045 2938 2280 2979 extiterunt.
2316 2934 2412 2977 Liv.
2430 2933 2579 2989 XXV,
2598 2936 2668 2976 21.

361 3005 483 3062 siquo
527 3004 627 3048 dato
667 3004 795 3048 simul
839 3020 979 3048 omnes
1016 3021 1038 3048 e
1074 3004 1247 3048 latebris
1284 3006 1521 3048 eaetitemnt.
1579 3003 1694 3047 Dum
1731 3011 1875 3049 autem
1911 3020 2042 3047 naves
2074 3004 2235 3062 aliquot
2266 3030 2318 3036 —
2350 3004 2507 3063 longas
2535 3004 2669 3047 fuisse

360 3080 469 3133 puto
501 3101 551 3108 —-
587 3089 676 3119 non
700 3075 828 3120 modo
852 3075 1041 3120 existunt
1064 3074 1141 3119 sed
1164 3074 1290 3119 etiam
1315 3074 1549 3119 consistunt
1571 3072 1792 3129 adversae,
1820 3083 1868 3118 ut
1889 3074 2062 3129 milites,
2091 3074 2243 3152 quibus
2268 3073 2508 3132 completae
2533 3082 2669 3129 erant,

366 3151 657 3213 exponerent,
697 3144 968 3190 circumvecti
997 3152 1096 3189 sunt
1124 3144 1231 3189 levis
1259 3154 1501 3189 armatuiae
1530 3144 1678 3189 milites
1712 3144 1894 3188 navibus
1933 3143 2130 3187 actuariis
2159 3143 2231 3199 iis,
2272 3157 2385 3202 quae
2416 3143 2478 3201 (c.
2509 3145 2587 3199 62,
2617 3143 2667 3200 2)

363 3227 527 3271 aggere
562 3214 799 3273 completae
837 3220 971 3258 erant.
1032 3213 1092 3257 Hi
1130 3214 1261 3273 igitur
1297 3214 1341 3257 in
1379 3214 1633 3258 exteriorem
1670 3212 1829 3256 vallum
1868 3212 1955 3256 tela
1989 3212 2209 3270 jaciebant
2243 3212 2471 3271 fossaeque
2507 3226 2670 3271 aggere

361 3282 699 3340 complebantur.
757 3283 1036 3328 circumvecti
1059 3290 1202 3327 autem
1226 3290 1342 3327 recte
1367 3282 1564 3326 dicuntur
1587 3297 1697 3337 esse,
1727 3282 1846 3340 quia,
1877 3281 1978 3324 dum
2001 3296 2132 3325 naves
2155 3281 2256 3325 illae
2279 3282 2439 3341 longae
2462 3281 2668 3326 adversae

360 3350 619 3409 consistunt,
651 3353 734 3412 ipsi
762 3352 1151 3413 praetervehuntur
1180 3367 1279 3397 eum
1306 3352 1469 3408 locum,
1501 3361 1546 3397 ut
1571 3350 1849 3397 Caesarianos
1874 3350 2027 3395 milites
2051 3350 2422 3397 circumvenirent.
2474 3349 2529 3395 Id
2552 3349 2669 3410 quod

362 3420 526 3465 Caesar
555 3423 849 3481 superioribus
879 3423 1028 3468 diebus
1058 3424 1270 3467 timuerat.
1302 3424 1406 3482 (63,
1438 3424 1506 3481 2).
1538 3450 1588 3455 —-
1627 3421 1805 3465 Interim
1836 3421 1989 3465 milites
2018 3421 2203 3466 navibus
2233 3422 2316 3479 (sc.
2344 3421 2514 3480 longis)
2535 3436 2668 3481 mpo-

2220 3494 2245 3535 3
