3106 3693
1554 131 1583 178 ἵ

1308 297 1749 375 L1‘b.n1.c.1o,
1788 306 1832 357 5.

452 375 726 495 Depositis
754 420 886 472 armis
911 426 1199 488 militeque,
1235 426 1403 494 ‘quibus
1412 435 1538 472 nunc
1570 414 1856 484 confiderent,
1895 428 2136 473 πιεσοοεατὶο
2171 428 2322 488 populi
2356 436 2616 489 senatusque
2646 429 2718 488 ju-

437 506 440 508 ’
504 498 623 544 dicio
642 497 738 543 fore
767 505 996 558 utrmque
1026 504 1284 542 contentum.
1312 491 1470 542 Haec
1487 509 1575 557 quo
1603 497 1770 542 facilius
1795 495 2006 563 Pompejo
2028 497 2202 555 probari
2224 500 2417 556 possent,
2447 501 2595 542 omues
2619 506 2719 542 suas

374 579 385 583 ““
500 574 737 613 teman-ss
753 567 1008 627 wbimnqu‘e
1034 567 1183 625 copias
1212 566 1496 610 dimissurum.
2207 589 2223 607 x

555 658 793 714 Auxiliis
832 657 916 719 hoc
949 652 1045 718 loco
1077 657 1239 702 Caesar
1278 651 1505 718 designare
1541 658 1710 704 videtur
1745 660 1942 717 naz’iyia,
1983 665 2029 702 ut
2070 657 2227 702 classes
2256 663 2532 719 opponantur
2560 656 2723 703 exerd-

416 720 562 773 tibus(
598 723 712 771 Nam
747 726 873 786 quae*
896 726 1003 782 alia,
1042 726 1196 770 armis
1226 726 1429 785 depositis
1457 725 1624 785 reliqua
1653 741 1746 771 esse
1774 728 1940 786 possint
1968 728 2145 782 auxilia,
2189 727 2386 786 equidem
2415 742 2503 772 non
2533 725 2720 789 reperio.

419 795 577 840 Cetera
606 793 720 838 enim
749 791 910 847 omnia,
946 794 1155 851 pecuniae
1184 794 1396 836 frumenta
1425 801 1706 845 commeatus,
1743 795 1944 852 depositis
1975 797 2116 852 armis·
2131 796 2157 837 i.
2188 809 2225 838 e.
2257 797 2388 855 copiis
2417 795 2596 839 dimissis
2625 796 2720 854 jam

418 880 506 908 non
542 879 650 922 opus
687 870 798 907 sunt.
858 862 919 906 At
954 862 1145 921 reliquae
1181 870 1281 905 sunt
1309 877 1461 915 naves,
1502 869 1544 905 et
1572 871 1671 904 sunt
1701 878 1753 905 ea
1784 862 1943 904 auxilia
1971 863 2073 905 belli
2101 864 2216 906 haud
2245 865 2566 909 contemnenda.
2627 864 2719 909 Sed

417 932 509 977 aliis
544 946 717 991 quoque
753 930 856 976 locis
896 945 947 975 ea
982 929 1046 974 vis
1084 930 1351 990 adsignanda
1390 929 1571 974 auoeiliis
1607 937 1693 984 est;
1732 933 1780 973 ut
1808 931 1918 973 infra
1949 945 1984 973 c.
2013 933 2113 986 106,
2156 932 2229 974 ubi
2260 931 2421 977 Caesan
2456 933 2637 989 infirmis
2672 946 2719 978 se

419 1001 601 1047 madiis
629 1000 793 1056 scribit,
824 1015 881 1044 sc.
911 999 1094 1044 navibus
1124 999 1260 1060 lonyis
1290 998 1476 1043 Rhodiis
1506 998 1643 1043 decem
1667 1009 1705 1043 et
1726 999 1934 1043 Asiaticis
1948 1000 2108 1058 paucis
2131 999 2449 1045 Alemandriam
2466 1003 2720 1060 pervenisse.

418 1067 603 1130 Infima
631 1077 773 1115 autem
803 1084 854 1114 ea
884 1069 1002 1124 dicit,
1045 1069 1145 1129 quia
1175 1065 1281 1113 duas
1310 1069 1503 1129 legiones
1534 1083 1690 1128 easque
1719 1069 1999 1113 vehementer
2029 1076 2266 1114 attenuatas
2295 1071 2571 1130 imposuerat.
2630 1067 2723 1115 Nee

418 1136 541 1183 aliter
569 1139 680 1184 Libo
718 1155 753 1182 c.
783 1141 836 1182 16
875 1138 1048 1183 auoeilia
1083 1153 1109 1181 a
1145 1140 1279 1197 copiis
1314 1138 1399 1183 suis
1438 1138 1662 1194 discernit3
1698 1137 1922 1182 ridiculum
1959 1139 2072 1182 enim
2107 1139 2254 1184 fuisset
2282 1139 2325 1183 in
2355 1139 2484 1184 tantis
2514 1138 2723 1199 angustiis

419 1209 476 1252 de
506 1208 598 1252 aliis
630 1207 883 1267 quibusdam
913 1207 1082 1250 auxiliis
1119 1208 1380 1251 mentionem
1414 1207 1570 1251 facere.
1632 1206 1721 1252 Sed
1752 1206 1805 1250 de
1843 1207 2023 1250 militum
2063 1208 2363 1268 naviumque
2399 1212 2607 1252 suarum
2645 1214 2723 1251 nu-

416 1292 535 1322 mero
579 1277 743 1321 Caesar
789 1276 1004 1319 hominem
1052 1276 1182 1319 tradit
1224 1276 1455 1334 gloriatum
1496 1290 1601 1319 esse.
1644 1303 1695 1309 —
1741 1276 1858 1329 Quid
1901 1276 2016 1334 quod
2056 1292 2153 1318 suas
2194 1278 2287 1336 ipse
2324 1277 2485 1321 Caesar
2529 1278 2723 1335 leg-iones

419 1345 621 1390 auxilia
657 1344 849 1404 appellat
878 1344 998 1387 nulla
1027 1344 1112 1388 alia
1142 1344 1196 1388 de
1227 1359 1376 1404 causa,
1416 1359 1544 1402 quam
1575 1344 1688 1402 quod
1716 1344 1898 1389 navibus
1928 1343 2156 1388 Brundisio
2193 1345 2550 1405 transportandae
2585 1350 2723 1389 erant.

419 1414 472 1458 cf.
496 1431 532 1458 c.
561 1414 613 1457 17
643 1423 690 1458 ut
718 1412 788 1456 illi
816 1412 948 1456 classe
977 1429 1105 1456 naves
1136 1413 1417 1472 auaeiliaque
1448 1430 1532 1458 sua
1564 1414 1828 1471 impedirent.
1883 1412 2023 1459 Simili
2052 1429 2227 1472 prorsus
2258 1415 2424 1459 ratione
2447 1414 2488 1459 b,
2513 1430 2556 1473 g.
2580 1413 2672 1471 III,
2695 1414 2723 1455 9

419 1500 445 1528 a
474 1483 597 1528 sociis
621 1482 887 1527 Venetorum
917 1482 1217 1527 discernuntur
1247 1481 1462 1538 auxilia,
1491 1482 1518 1525 i.
1543 1496 1580 1526 e.
1605 1482 1969 1528 navesmilitibus
2001 1483 2255 1541 completae,
2286 1500 2396 1542 quae
2421 1500 2476 1527 ex
2498 1483 2723 1527 Britannia

418 1557 704 1598 arcessuntur.
765 1548 889 1595 Haec
918 1550 953 1594 si
982 1557 1098 1596 recte
1129 1550 1460 1611 disputavimus,
1495 1550 1708 1611 patefacta
1737 1558 1867 1610 atque
1897 1551 2098 1610 expedita
2127 1552 2251 1597 simul
2283 1558 2347 1597 est
2378 1552 2448 1597 via
2477 1551 2532 1597 ad
2561 1551 2725 1597 inveni·

418 1621 573 1665 endam
609 1619 950 1664 emendationem
987 1634 1083 1663 eam
1123 1635 1208 1679 qua
1245 1635 1353 1679 opus
1388 1626 1463 1664 est.
1524 1619 1755 1679 Pompejus
1795 1621 1969 1664 navium
2006 1635 2183 1665 numero
2219 1621 2274 1665 ab
2305 1621 2493 1666 externis
2521 1619 2723 1681 gentibus

416 1691 716 1735 accersitarum
746 1688 880 1733 multo
912 1689 1011 1749 plus
1041 1689 1213 1733 valebat
1243 1703 1370 1749 quam
1402 1688 1574 1734 Caesar.
1636 1688 1736 1734 Non
1766 1702 1907 1748 aequa
1936 1689 2067 1748 igitur
2097 1689 2323 1736 videbatur.
2342 1689 2540 1735 ‹conditio
2577 1695 2723 1751 postu-

416 1760 508 1804 lare
538 1767 586 1803 ut
615 1775 692 1803 sua
722 1766 906 1816 uterque
936 1773 1055 1801 arma
1084 1765 1214 1816 atque
1237 1758 1397 1801 auxilia
1420 1759 1675 1817 deponeret,
1704 1760 1858 1816 populi
1881 1765 2141 1816 senatusque
2161 1759 2323 1815 judicio
2348 1765 2571 1803 contentus
2595 1763 2720 1803 esset.

418 1827 698 1889 Quapropter
730 1825 913 1883 Caesar,
951 1841 1036 1886 quo
1074 1824 1239 1871 facilius
1276 1840 1354 1871 eae
1390 1826 1507 1886 pacis
1538 1825 1797 1873 conditiones
1827 1826 1883 1872 ab
1911 1826 2007 1886 ipso
2036 1828 2283 1886 propositae
2310 1827 2518 1887 Pompejo
2546 1828 2723 1887 probari

417 1901 614 1958 possent,
655 1894 773 1942 addit
814 1911 977 1941 omnes
1013 1912 1115 1942 suas
1153 1904 1366 1942 terrestres
1405 1895 1590 1957 ubique
1628 1897 1771 1955 copias
1810 1895 2097 1943 dimissurum.
2158 1896 2353 1943 Tenebat
2389 1904 2532 1943 autem
2551 1895 2723 1944 'Caesar

418 1973 462 2012 et
484 1963 741 2026 Hispanias,
770 1965 951 2026 Pompei
979 1965 1264 2026 provinciam,
1295 1973 1338 2011 et
1366 1982 1536 2012 omnem
1558 1965 1736 2011 Italiam.
1790 1962 1849 2023 Et
1879 1974 1944 2012 est
1974 1982 2027 2012 ea
2056 1982 2143 2012 vox
2172 1966 2363 2012 similiter
2391 1974 2597 2027 usurpata
2626 1966 2721 2012 aliis

418 2050 591 2095 quoque
630 2035 748 2081 locis.
810 2034 877 2081 Cf.
910 2036 949 2081 b.
981 2051 1016 2080 c.
1046 2035 1094 2093 I,
1134 2037 1187 2080 36
1233 2051 1362 2080 naves
1404 2053 1533 2096 quas
1573 2036 1755 2096 ubique
1785 2046 1970 2095 possunt
2012 2036 2337 2095 deprehendunt.
2397 2036 2465 2093 H,
2496 2037 2551 2080 20
2588 2036 2726 2097 quod

418 2105 606 2166 ubique
636 2105 791 2150 habeat
809 2107 1027 2162 frumenti
1056 2115 1092 2149 et
1122 2106 1317 2158 navium,
1349 2106 1537 2150 ostendit.
1585 2107 1624 2150 b.
1647 2104 1808 2164 g.111,
1837 2110 1889 2150 16
1915 2109 2090 2152 navium
2120 2107 2256 2165 quod
2282 2107 2468 2165 ubique
2483 2106 2642 2164 fuerat
2665 2132 2723 2141 —

419 2183 649 2234 coeyerant.
937 2199 940 2200 ν

1307 2267 1418 2318 Lib.
1451 2268 1546 2318 ΠΙ.
1584 2272 1743 2342 0.,11,
1788 2272 1836 2319 1.

504 2393 720 2437 Vibullius
755 2393 821 2436 his
859 2393 1063 2452 expositis
1107 2393 1320 2452 Corcyrae
1355 2408 1443 2437 non
1482 2394 1622 2437 minus
1655 2394 1939 2437 necessarium
1978 2409 2071 2438 esse
2109 2395 2364 2438 existimavit
2402 2394 2456 2439 de
2494 2392 2721 2452 repentino

506 2462 694 2506 adventu
717 2459 916 2506 Caesaris
938 2462 1197 2521 Pompejum
1226 2462 1321 2508 fieri
1351 2462 1592 2518 certiorem,
1623 2463 1682 2506 uti
1710 2454 1766 2506 ad
1795 2462 1840 2505 id
1869 2462 2092 2506 consilium
2117 2479 2271 2522 capere
2293 2470 2459 2522 posset,
2488 2469 2719 2520 antequam

436 2569 438 2571 .
509 2530 563 2575 de
598 2530 811 2575 mandatis
848 2532 921 2591 agi
937 2531 1235 2590 =inciperetur,
1277 2538 1406 2591 atque
1442 2530 1538 2575 ideo
1576 2532 1816 2575 continuato
1854 2539 1980 2576 nocte
2016 2547 2067 2576 ac
2096 2532 2163 2576 die
2193 2533 2343 2577 itinere
2373 2539 2501 2591 atque
2531 2530 2720 2574 omnibus

506 2601 639 2657 copiis
670 2599 842 2644 mutatis
873 2600 928 2643 ad
959 2599 1219 2644 celeritatem
1246 2600 1450 2658 jumentis
1480 2599 1535 2643 ad
1564 2596 1817 2659 Pompejum
1848 2602 2067 2652 contendit
2096 2609 2137 2646 et
2167 2602 2314 2646 adesse
2345 2593 2579 2645 Caesarem
2611 2614 2721 2643 nun-

503 2668 636 2712 tiavit.

557 2761 613 2804 In
643 2762 710 2805 his
739 2777 867 2820 quam
897 2763 1083 2806 maxime
1113 2762 1293 2806 offendit
1322 2763 1437 2821 quod
1467 2764 1587 2822 prius
1616 2763 1905 2811 continuatum
1935 2763 2016 2806 iter
2047 2777 2174 2820 quam
2205 2763 2420 2821 inceptum
2450 2775 2542 2804 esse
2567 2760 2725 2820 accipi-

418 2814 535 2886 mus3
574 2831 851 2891 profectionis
893 2831 1004 2876 enim
1034 2831 1200 2876 Vibulli
1239 2832 1359 2876 nulla
1399 2833 1512 2876 facta
1541 2841 1605 2877 est
1633 2832 1803 2876 mentio.
1862 2832 2034 2876 Deinde
2064 2846 2205 2890 neque
2237 2832 2342 2875 haec
2370 2831 2593 2890 expositae
2623 2837 2724 2874 sunt

419 2899 642 2959 Corcyrae
671 2915 814 2960 neque
844 2901 1079 2956 Vibullius,
1110 2902 1191 2945 nisi
1220 2909 1491 2961 repugnante
1520 2902 1703 2956 ratione,
1743 2900 1964 2959 Corcyrae
1995 2901 2276 2955 existimasse,
2307 2900 2422 2958 quod
2452 2899 2724 2954 existimavit,

418 2967 501 3013 diei
542 2975 699 3029 potest.
764 2970 921 3031 Itaque
963 2987 1072 3031 quae
1111 2969 1383 3015 Hofmannus
1425 2970 1716 3031 explicationis
1758 2985 1887 3026 causa
1925 2969 1981 3013 ad
2020 2969 2224 3014 tuendam
2269 2969 2503 3028 Corcyram
2543 2970 2725 3029 profert,

416 3038 576 3083 frustra
600 3039 876 3085 disseruntur.
919 3040 982 3084 At
1004 3053 1108 3085 vero
1133 3054 1188 3084 ne
1212 3039 1448 3102 Nipperdei
1472 3039 1641 3100 quidem
1666 3046 1706 3082 et
1728 3036 1918 3083 Kraneri
1940 3039 2049 3082 ratio
2075 3039 2307 3098 quidquam
2330 3039 2521 3098 prodest.
2551 3038 2724 3084 'Deleta

420 3108 535 3153 enim
570 3108 764 3169 Corcyra
785 3109 1001 3155 Vibullius
1030 3110 1096 3154 his
1125 3108 1327 3170 expositis
1353 3109 1497 3154 statim
1527 3109 1735 3154 diceretur
1765 3110 2026 3152 existimasse
2060 3108 2124 3164 id,
2161 3108 2277 3167 quod
2311 3122 2588 3169 nequaquam
2619 3108 2726 3153 'inde

417 3178 632 3237 sequitur,
670 3179 747 3224 sed
776 3178 988 3225 diversam
1017 3195 1194 3240 prorsus
1223 3179 1504 3225 ratiocinandi
1532 3180 1644 3224 viam
1672 3178 1824 3238 prodit.
1885 3178 2106 3237 Conjungi
2134 3178 2253 3222 nullo
2282 3178 2413 3224 modo·
2442 3182 2625 3239 possunt
2653 3179 2726 3223 ab·

417 3246 536 3293 lativi
566 3248 634 3293 his
663 3251 865 3309 expositis
894 3260 1005 3296 cum
1021 3251 1156 3296 verbo
1187 3252 1459 3296 eoeistimavit.
1517 3249 1823 3310 Expectaveris
1858 3248 2073 3308 Corcyrae
2100 3247 2196 3294 loco
2225 3249 2501 3310 participium
2537 3248 2726 3308 aliquod,

418 3330 505 3375 quo
533 3318 643 3376 quid
665 3319 689 3364 f
692 3334 716 3364 e
724 3320 857 3366 ecrit
885 3320 960 3366 his
982 3321 1185 3382 expositis
1215 3321 1430 3366 Vibullius
1459 3320 1782 3365 demonstretur.
1841 3318 1965 3363 Fecit
1994 3324 2161 3363 autem
2173 3318 2282 3363 nihil
2316 3319 2457 3376 aliud,
2495 3334 2627 3379 quam
2661 3319 2728 3364 in

417 3399 591 3443 gronam
622 3395 688 3433 est
714 3389 799 3435 iter
827 3390 948 3449 quod
972 3398 1126 3451 postea
1153 3391 1445 3436 continuatum
1474 3397 1598 3434 nocte
1627 3404 1678 3433 ac
1705 3388 1774 3432 die
1805 3389 1860 3432 ab
1889 3387 2042 3434 eodem
2070 3387 2300 3448 legimus.
2325 3388 2581 3435 Necessum
2606 3389 2726 3470 oqui-

418 3454 520 3501 dem
546 3456 697 3503 videor
724 3458 787 3503 sio
813 3460 955 3506 locum
983 3461 1232 3506 restituere:
1271 3460 1482 3505 Vibullius
1510 3461 1576 3502 his
1607 3460 1805 3517 empositis
1831 3459 2107 3517 profectus
2141 3475 2229 3504 nom
2263 3462 2404 3505 minus
2439 3462 2724 3505 musar-*m
