3106 3693
1519 102 1560 165 Β

384 248 2069 312 memt—atqueodeocoumutenocteacdaeme
2108 247 2698 310 adPon-pqmqmundea

381 315 562 363 Poterat
599 333 705 363 sane
744 334 801 363 ex
830 318 1032 378 profecti)
1071 317 1155 377 (=
1182 314 1432 390 profectus)
1470 313 1779 381 depravatione
1817 318 1912 364 fieri
1947 318 2124 380 pensem
2158 318 2231 364 vel
2257 317 2437 380 pofflae,
2458 316 2614 380 quod.
2617 319 2701 380 ιῷὶ

383 386 585 449 irrepsit,
614 386 871 449 compendio
899 400 924 437 9
946 387 991 432 in
1021 404 1044 433 c
1071 386 1214 434 soluto
1239 386 1463 450 acceptum
1485 404 1568 451 pro
1583 388 1752 449 porfiro
1768 403 2005 469 perperam
2027 405 2056 435 a
2070 387 2254 438 librario
2273 387 2439 440 ”aulo
2448 373 2702 444 matheum

381 457 522 503 estin
556 456 1245 518 cormacomymnomen.
1286 457 1660 537 (V.supra111‚
1695 461 1744 514 5,
1777 448 2109 518 abiu-apro
2124 456 2788 518 Οφορίοῡιίιὶδοιιήἒωιο”

372 527 544 587 pomo.)
603 526 731 583 Quae
760 526 934 587 quidem
963 525 1217 586 depravatio
1245 527 1468 587 supposita
1497 526 1533 570 si
1563 525 1632 576 cui
1661 531 1709 571 ut
1737 525 1783 570 in
1805 524 2016 583 vocabule
2040 540 2170 586 quam
2193 526 2465 577 usitatissimo
2484 525 2702 583 videlitur
2744 573 2750 578 ,
2833 583 2835 585 ‚

380 602 643 652 monstrosa,
686 602 730 641 et
767 594 871 639 mihi
912 594 1018 640 scito
1056 594 1216 650 videri;
1258 609 1401 654 neque
1442 609 1494 639 eo
1530 594 1677 639 secius
1706 601 1851 641 tamen
1887 594 2005 640 illam
2039 594 2380 641 emendationem
2414 595 2698 650 necessariam

380 673 483 728 esse,
513 663 793 721 contendam,
834 664 951 724 quod
987 663 1123 708 verba
1158 663 1226 707 lais
1256 665 1460 723 eapositis
1489 664 1590 707 satis
1626 678 1843 723 superque
1872 663 2116 710 Vibullium
2153 663 2280 709 etiam
2317 670 2407 709 tum
2442 664 2559 727 apud
2589 664 2699 711 Gne·

379 747 523 778 sarem
561 735 871 778 commoratum
908 747 1002 778 esse
1039 732 1216 789 docent,
1250 733 1421 793 reliqua
1450 740 1593 778 autem
1623 748 1710 778 non
1740 734 1898 778 factum
1930 749 2024 779 esse
2050 735 2161 790 iter,
2189 733 2276 781 sed.
2296 732 2511 794 quomodo
2538 731 2698 785 factum

383 802 440 846 sit
468 803 775 848 demonstrant.
2358 834 2365 837 -
2616 854 2621 858 ,

520 870 614 918 Sed
644 871 829 917 alterum
857 886 940 917 nec
969 871 1110 916 minus
1138 886 1274 929 grave
1303 871 1506 916 mendum
1536 865 1896 929 deprehendimus
1926 872 1971 915 in
2008 872 2200 917 omnibus
2237 873 2384 930 copiis.
2444 872 2568 928 Quae
2603 872 2696 932 qui-

377 940 477 984 dem
514 941 650 984 verba
686 940 759 984 alii
797 940 957 985 eiciunt
992 947 1067 983 aut
1100 940 1347 993 secludunt,
1386 940 1457 982 alii
1491 947 1802 998 transponunt,
1842 938 2117 984 Hosmannus
2155 954 2253 984 cum
2287 940 2437 1001 Lipsio
2475 947 2630 997 mutat,
2650 942 2695 984 in

378 1009 573 1055 omnibus
602 1010 787 1067 oppidis.
835 1009 898 1052 At
926 1008 1099 1052 illorum
1127 1008 1236 1051 ratio
1265 1009 1310 1050 in
1340 1008 1547 1052 librorum
1578 1008 1767 1052 omnium
1797 1022 2008 1053 consensu
2037 1008 2199 1053 nullam
2230 1010 2360 1054 habet
2389 1010 2696 1064 defensionem,

375 1078 423 1123 in
451 1077 589 1139 Lipsii
626 1078 967 1124 emendationem
1002 1092 1029 1121 a
1066 1075 1335 1136 simplicitate
1370 1084 1501 1136 atque
1537 1077 1842 1137 perspicuitate
1872 1077 2075 1123 orationis
2103 1092 2258 1137 parum
2287 1078 2399 1124 redit
2427 1077 2697 1125 commenda-

376 1148 518 1194 tionis.
579 1141 883 1204 Quid'enim?
926 1147 1055 1207 quale
1093 1146 1177 1191 hoc
1212 1154 1277 1192 est
1313 1148 1546 1192 omnibus
1584 1146 1751 1206 oppidis
1782 1146 2020 1192 Vibullium
2057 1155 2244 1193 mutasse
2267 1148 2500 1206 jumenta?
2542 1148 2696 1207 quibus

374 1216 551 1264 tandem
588 1217 823 1263 omnibus
842 1217 866 1261 ‘2
905 1231 961 1261 ne
991 1215 1116 1276 Epiri
1153 1216 1346 1275 quidem,
1383 1223 1513 1275 puto,
1553 1224 1628 1261 aut
1659 1215 1929 1273 Candaviae,
1969 1216 2129 1262 nedum
2167 1217 2296 1262 totius
2336 1217 2462 1263 orbis.
2522 1215 2582 1262 Et
2618 1231 2697 1262 cur

375 1300 466 1331 non
503 1294 710 1343 mutasset
746 1288 1004 1345 ubicumque
1042 1300 1154 1345 opus
1193 1294 1304 1340 erat,
1346 1300 1422 1329 cur
1458 1300 1544 1329 non
1575 1286 1704 1330 etiam
1734 1286 1781 1343 in
1810 1287 1905 1330 vico
1935 1286 2101 1344 aliquo,
2142 1287 2219 1331 sed
2249 1287 2386 1331 solum
2416 1287 2460 1329 in
2490 1288 2696 1345 oppidis?

374 1355 436 1399 Et
464 1356 567 1414 quid
598 1355 784 1415 denique
815 1356 969 1400 attinet
996 1355 1126 1410 scire,
1167 1356 1321 1413 quibus
1349 1355 1422 1398 ille
1453 1355 1556 1399 locis
1593 1355 1822 1399 mutaverit
1852 1357 2070 1413 jumenta,
2109 1370 2207 1399 cum
2243 1363 2429 1400 mutasse
2465 1356 2567 1399 satis
2605 1355 2694 1399 sit?

373 1424 531 1484 Neque
568 1425 1002 1485 praetermittendum
1038 1432 1103 1469 est
1139 1425 1267 1479 illud,
1305 1425 1445 1467 minus
1479 1432 1595 1468 recte
1628 1423 1842 1483 particula
1872 1434 1996 1484 atque
2025 1425 2137 1468 inter
2165 1440 2212 1468 se
2237 1425 2367 1485 jungi
2396 1425 2526 1470 haec:
2567 1425 2693 1468 conti-

378 1505 511 1540 nuato
551 1497 704 1539 itinere
742 1505 891 1554 atque
926 1497 1100 1539 mutatis
1127 1494 1344 1552 jumentis.
1404 1493 1516 1537 Nam
1554 1508 1650 1537 cum
1681 1493 1819 1537 altera
1848 1493 1956 1538 haec
1985 1495 2225 1539 enunciatio
2256 1494 2472 1538 contineat
2500 1494 2566 1550 id,
2607 1510 2717 1555 quo,

371 1563 495 1625 prior
528 1563 605 1610 illa
642 1564 882 1610 accuratius
921 1563 1176 1620 definiatur,
1217 1571 1293 1609 aut
1320 1561 1439 1608 nulla
1467 1561 1676 1624 particula
1705 1561 2037 1624 interponenda,
2076 1571 2151 1609 aut
2179 1562 2473 1609 tantummodo
2503 1565 2693 1610 mutatis-

375 1650 477 1695 que
511 1635 718 1693 jumentis
756 1634 983 1679 dicendum
1024 1641 1130 1679 erat.
1196 1632 1293 1678 Nisi
1332 1634 1443 1679 forte
1483 1634 1578 1693 quis
1618 1633 1855 1693 particulae
1894 1633 2087 1678 attribuit
2126 1634 2213 1678 vim
2252 1634 2537 1714 gradationis,
2582 1650 2693 1694 quae

375 1710 522 1749 tamen
560 1703 772 1765 asyndeto
809 1704 1055 1750 efficeretur
1093 1703 1229 1747 multo
1270 1703 1458 1764 gravior.
1517 1702 1641 1758 Quae
1679 1717 1777 1747 cum
1816 1702 1876 1747 ita
1912 1703 2016 1760 sint,
2059 1710 2107 1748 ut
2141 1718 2283 1763 neque
2311 1703 2355 1747 in
2386 1705 2520 1764 copiis
2549 1718 2692 1764 neque

371 1774 430 1817 in-
448 1774 621 1833 oppidis
652 1774 926 1833 acquiescere
955 1773 1102 1829 liceat,
1138 1788 1299 1817 novum
1330 1772 1490 1831 aliquid
1520 1772 1639 1816 lubet
1668 1772 1828 1828 moliri,
1858 1773 1893 1815 si
1924 1772 2146 1833 contingat
2175 1788 2329 1818 sanare
2357 1773 2511 1818 locum.
2572 1773 2691 1829 Quid

371 1842 505 1902 igitur
519 1842 544 1886 ἰ’
574 1843 758 1887 alterum
790 1843 1024 1887 ablativum
1054 1842 1296 1886 absolutum
1328 1842 1539 1900 particula
1568 1851 1694 1900 atque
1713 1841 1987 1900 jungendum
2016 1857 2113 1886 cum
2142 1844 2294 1886 itinere
2323 1844 2564 1887 continuato
2592 1858 2692 1902 pro-

371 1926 490 1972 pono
523 1910 846 1970 legendumque
886 1926 1065 1956 censeo:
1110 1921 1236 1971 atque
1276 1912 1463 1954 omisso
1503 1910 1672 1953 so'mno
1714 1908 2076 1970 (omisSOpno
2116 1912 2297 1955 fortasse
2339 1911 2419 1955 fuit
2456 1911 2502 1954 in
2543 1911 2691 1956 arche·

370 1982 522 2041 typo),
559 1982 734 2026 mutatis
771 1980 835 2025 ad
871 1980 1124 2025 celeritatem
1151 1980 1374 2038 jumentis,
1414 1980 1477 2023 ad
1503 1978 1752 2038 Rompqy'um
1783 1978 2005 2024 contendit.
2065 1979 2141 2025 Sic
2170 1979 2342 2024 demum
2371 1980 2513 2025 vivide
2542 1980 2690 2041 depin-

369 2050 489 2110 gitur
524 2049 569 2093 in
602 2045 778 2094 *homine
812 2049 879 2094 bis
914 2066 942 2093 a
979 2048 1170 2093 Caesare
1207 2057 1376 2093 servato
1414 2048 1543 2092 anxia
1577 2048 1759 2108 Pompei
1797 2063 1900 2093 cura
1937 2049 2209 2108 partiumque
2245 2049 2432 2093 studium
2473 2050 2690 2106 invictum,

368 2118 486 2178 quod
515 2117 704 2178 prodidit
733 2118 952 2163 Vibullius
981 2118 1219 2163 accelerato
1251 2125 1458 2176 quantum
1487 2117 1670 2162 maxime
1706 2118 1846 2177 potuit
1881 2118 2048 2162 itinere.
2108 2117 2207 2162 Hoc
2241 2119 2354 2163 enim
2390 2119 2483 2163 vult
2514 2118 2688 2174 Caesar,

368 2194 519 2233 notare
558 2188 681 2247 quasi
717 2186 959 2232 cavillando
995 2187 1179 2232 hominis
1216 2187 1435 2246 ingratum
1466 2187 1672 2239 animum,
1715 2187 1788 2246 qui
1819 2186 1885 2231 his
1914 2188 2116 2246 expositis
2136 2187 2359 2246 profectus
2387 2187 2689 2248 pollicitusque

369 2271 423 2303 ea
457 2257 660 2302 mandata
697 2256 987 2318 perlaturum,
1022 2272 1109 2301 ‘non
1142 2257 1283 2301 minua
1319 2258 1604 2301 necessarium
1633 2272 1720 2301 esse
1749 2258 2010 2302 existimaret
2039 2257 2091 2302 de
2119 2259 2335 2316 repentino
2367 2258 2551 2304 adventu
2585 2257 2689 2304 an-

369 2329 486 2372 aaria
515 2327 767 2387 Pompejum
791 2327 896 2384 fiem'
933 2327 1151 2370 certiorem
1182 2352 1236 2359 —
1268 2332 1396 2385 atque
1433 2326 1552 2370 ideo
1591 2327 1715 2370 etiam
1754 2340 1903 2370 somno
1938 2327 2001 2372 se'
2014 2326 2274 2386 privaverit!
2333 2328 2529 2372 Audisne
2559 2328 2688 2371 cavil-

368 2397 551 2452 lantem,
581 2411 678 2441 cum
709 2395 810 2440 dicit
838 2413 924 2441 non
953 2398 1095 2442 minua
1123 2398 1408 2442 neceesarium
1436 2395 1698 2441 existimasse
1711 2395 1735 2440 ’ἒ
1764 2411 1910 2441 nonne
1941 2396 2159 2456 aptissime
2187 2403 2373 2457 augetur
2397 2413 2449 2442 ea
2473 2397 2687 2443 cavillatio

368 2467 520 2510 undoso
548 2466 728 2516 somno?
786 2466 983 2510 Audisne
1012 2466 1140 2510 simul
1170 2465 1540 2525 indignabundum
1570 2480 1687 2520 eum,
1718 2466 1792 2523 qui
1821 2465 1941 2509 initio
1972 2466 2123 2525 capitis
2152 2466 2285 2510 dixit:
2326 2466 2459 2512 Hunc
2477 2483 2567 2526 pro
2596 2470 2687 2512 suia

367 2535 598 2593 bnefiiciie
626 2535 789 2580 Caesar
812 2536 1013 2580 idoneum
1031 2536 1394 2594 judicaverat,
1426 2552 1547 2594 quem
1577 2552 1672 2579 oum
1699 2535 1918 2579 mandatis
1948 2535 2011 2579 ad
2037 2535 2284 2593 Pompejum
2312 2539 2523 2580 mitteret?
2576 2536 2687 2581 Gra·

371 2610 463 2650 tum
488 2604 776 2662 judicaverat,
805 2605 1025 2663 ingratum
1055 2610 1262 2662 expertus
1292 2611 1367 2648 est.

1257 2742 1795 2808 Lib...,IJJcl31;

452 2859 516 2903 At
544 2858 782 2917 Pompejus
813 2856 998 2916 cognitis
1025 2857 1093 2900 his
1122 2857 1272 2912 rebus,
1311 2871 1422 2916 quae
1453 2865 1575 2902 erant
1605 2857 1725 2903 Orici
1748 2864 1878 2917 atque
1907 2857 2169 2917 Apolloniae
2198 2865 2367 2918 gestae,
2406 2859 2683 2919 Dyrrhachio

453 2928 609 2973 timens
651 2927 816 2971 diurnis
856 2941 908 2971 eo
945 2926 1252 2985 nocturnisque
1295 2916 1518 2972 itineribus
1560 2926 1790 2973 contendit.
1859 2927 2001 2974 Simul
2043 2934 2087 2973 et
2127 2926 2291 2974 Caesar
2333 2929 2682 3009 appropinquare

452 2997 687 3042 dicebatur.
747 2996 1001 3056 'I'antusque
1030 3002 1175 3041 terror
1204 2996 1351 3040 incidit
1386 2997 1481 3055 ejus
1514 2997 1742 3060 exercitui,
1773 2997 1889 3057 quod
1919 3011 2161 3057 properans
2192 3004 2362 3043 noctem
2391 2998 2476 3043 diei
2506 2998 2684 3043 coniun-

452 3073 579 3111 xerat
614 3080 758 3127 neque
796 3066 880 3111 iter
913 3064 1224 3122 intermiserat,
1262 3072 1310 3110 ut
1345 3080 1487 3126 paene
1524 3079 1672 3112 omnes
1709 3068 1757 3110 in
1794 3066 1935 3126 Epero
1963 3067 2248 3127 finitimisque
2283 3068 2524 3127 reqionibuo
2557 3067 2680 3126 signa
2734 3108 2740 3117 ,

452 3134 761 3196 relinquerent,
789 3136 1033 3196 complures
1063 3149 1185 3180 arma
1213 3136 1459 3195 proicerent
1489 3150 1538 3180 ac
1567 3138 1699 3196 fugae
1728 3136 1865 3181 simile
1895 3137 1977 3181 iter
2006 3136 2236 3182 videretur.

504 3228 663 3289 Neque
691 3244 796 3275 vero
825 3230 933 3289 fuga
960 3237 1079 3287 erat,
1119 3229 1315 3289 quamvis
1345 3228 1481 3275 simile
1510 3230 1643 3289 fugae
1672 3230 1755 3279 iter
1783 3229 2014 3275 videretur.
2072 3229 2144 3276 De
2173 3231 2370 3290 profugis
2407 3229 2540 3289 igitur
2571 3230 2678 3275 mili-

361 3298 475 3343 tibus
505 3298 681 3345 omnino
710 3312 798 3345 non
828 3298 1127 3358 cogitandum3
1158 3312 1295 3359 quare
1325 3298 1433 3344 nibil
1460 3299 1722 3359 proficimus,
1751 3299 1928 3357 etiamsi,
1956 3306 2004 3345 ut
2025 3298 2360 3360 geographiam
2383 3297 2680 3354 difficultatem

361 3367 662 3428 expediamus,
691 3382 790 3413 cum
818 3367 1087 3428 Nipperdeio
1115 3368 1267 3428 legere
1298 3369 1476 3413 velimus
1506 3384 1560 3413 eoe
1583 3369 1734 3429 Ispiro.
1795 3370 1864 3413 Ac
1885 3369 2017 3429 paulo
2047 3376 2164 3415 certe
2193 3376 2294 3429 post
2322 3368 2494 3414 omnis
2524 3382 2679 3415 exer—

362 3435 501 3482 citus
530 3436 686 3483 dicitur
712 3437 828 3484 idem
853 3438 1070 3497 juravisse
1094 3438 1211 3498 quod
1239 3436 1458 3484 Labienus
1486 3439 1645 3484 tribuni
1675 3441 1955 3485 centuriones.
2015 3439 2116 3495 Qua
2146 3438 2368 3485 occasione
2397 3438 2539 3484 oblata
2568 3437 2679 3484 Gae-
