3106 3693
1511 60 1581 109 Η

481 202 801 265 nffiaeliquasic
823 211 923 248 sunt
941 205 989 248 in
1010 205 1232 265 pristim
1254 178 1552 282 integritatum
1564 192 1861 261 reatitu'endae·
1880 210 1988 253 adeo
2009 219 2135 254 ιιι-
2159 210 2249 254 alii
2264 212 2516 257 dimissis
2529 214 2698 280 siquis

393 274 585 327 udan
596 282 784 318 mm
784 275 1355 336 ωηιὺιαανοαιςαοςω
1357 285 1503 346 epo
1520 282 1602 321 ut
1615 290 1712 321 cm
1734 276 1929 324 Oehlere
1952 284 1997 323 et
2017 278 2269 327 Hofinmno
2292 282 2479 327 scribom
2503 282 2697 326 damete

227 339 256 356 ²
338 342 564 409 ,ψ
578 334 1116 404 Ηώμίςῦιιιῦιωᾰπ,
1134 287 1490 398 ουωΜηδία,
1518 346 2509 406 timoru,fl29aepleaaomniafumeu=adit‚
2538 355 2698 413 tripu·-

391 411 525 457 titum
539 412 666 471 quasi
688 412 896 457 orationis
925 417 1226 471 argumentum
1254 414 1478 473 proponit,
1514 415 1598 459 cui
1611 415 1786 473 quidem
1813 416 2073 474 exponendo
2105 417 2188 460 tria
2215 418 2325 462 haee
2353 420 2490 463 altera
2524 417 2697 478 subjicit

392 478 918 539 matianum-abra:
956 482 1082 527 adeo
1090 492 1142 528 ut
1164 502 1235 524 -·-.
1255 482 1350 528 alii
1364 483 1554 542 divitanda
1581 485 1647 542 (a
1664 484 1852 530 Caesare
1881 501 1960 540 sc.,
1990 484 2063 543 qui
2092 484 2404 564 prehenderat)
2427 491 2568 546 eiqma
2597 506 2696 533 eun-

393 550 487 595 dem
509 566 679 596 cuo-sm
700 552 1012 603 mamma,
1041 553 1267 597 tumultu
1290 552 1446 606 iterum
1470 554 1659 613 abrepti,
1690 553 1774 598 alii
1795 569 1850 598 ac
1871 562 1983 598 metu
2007 554 2134 598 etiam
2157 555 2286 613 siqua
2309 554 2565 616 dimitterent
2586 555 2697 601 an-

392 619 586 680 sax-isque
614 618 660 665 in
687 619 883 668 manibus
910 614 1225 679 relinquerent,
1253 621 1451 667 timoris
1481 622 1758 682 impotentes,
1792 638 1924 684 neque
1953 625 2178 683 quiequam
2207 620 2394 678 omnino,
2433 631 2483 670 ut
2509 625 2553 669 in
2583 638 2698 670 oom-

392 689 513 735 muni
540 696 670 750 atque
697 689 933 749 praecipite
961 686 1102 748 fuga,
1139 692 1388 735 consisteret.
1412 715 1471 725 —
1501 688 1633 747 Quod
1660 692 1757 737 libri
1788 708 1886 737 mss.
1918 694 2128 752 praebent
2157 697 2449 752 consequent,
2481 694 2587 739 nihil
2615 701 2697 751 est,

392 751 535 819 neque
562 759 748 818 ,vulgata
778 758 905 803 lectio
942 758 1188 817 conficerent
1223 759 1551 818 comprobanda.
1611 760 1723 805 Nam
1760 762 1834 820 qui
1871 762 2040 806 conficit
2069 777 2260 819 cursum,
2298 762 2428 808 finem
2459 778 2510 807 ac
2537 771 2696 810 metam

393 828 584 888 affingit,
615 827 732 888 quod
760 828 821 872 ab·
843 828 927 871 hoc
954 827 1049 871 loco
1078 841 1255 887 prorsus
1285 828 1486 873 alienum.
1549 829 1812 889 Ocnjunqere
1841 838 1983 873 autem
2014 832 2221 875 eundem
2250 846 2420 876 cuo-amn
2448 833 2580 877 latine
2610 832 2695 875 dici

392 911 482 942 non
510 904 662 956 posse,
688 904 804 942 recte
834 903 984 942 contra
1012 896 1324 957 Nipperdeium
1354 899 1516 942 monuit
1537 897 1823 942 Hofmannus.
1879 898 2015 957 Cujus
2045 900 2196 959 ipsius,
2225 909 2273 943 ut
2302 908 2346 943 et
2367 900 2567 960 Hauptii,
2596 916 2697 946 con-

388 968 559 1025 jectura
592 966 763 1026 longius
802 983 828 1011 a
866 965 1059 1011 codicum
1094 967 1306 1026 scriptura
1341 968 1473 1011 abest.
1534 967 1712 1012 Nullum
1749 968 1921 1027 reperio
1957 969 2138 1013 verbum
2175 969 2291 1028 quod
2321 970 2458 1028 magis
2487 970 2612 1013 simul
2641 970 2697 1014 ad

392 1050 485 1096 rem
524 1042 568 1080 et
604 1035 660 1079 ad
694 1035 916 1080 literarum
954 1034 1128 1079 ductum
1167 1042 1393 1095 congruat,
1435 1051 1563 1095 quam
1600 1039 1910 1089 continuarent,
1954 1037 2088 1096 quod,
2129 1037 2384 1097 compendio
2424 1038 2698 1098 negligenter

393 1104 469 1150 ubi
503 1111 727 1150 exaratum
764 1104 845 1149 fuit
882 1120 941 1147 =
976 1113 1238 1157 comitarent,
1278 1112 1444 1150 mutare
1480 1105 1525 1148 in
1562 1106 1832 1166 confitqerent
1867 1105 1983 1152 haud
2021 1107 2169 1166 magni
2202 1106 2366 1167 negotii
2396 1114 2501 1152 erat.
2534 1137 2588 1142 -
2627 1106 2698 1152 Ne

393 1174 488 1234 quis
518 1180 659 1219 autem
689 1173 755 1217 his
785 1180 997 1234 opponat,
1033 1173 1242 1218 actionem
1280 1174 1340 1218 sic
1375 1173 1632 1232 dimittendi,
1668 1174 1703 1219 si
1739 1174 1934 1235 legamus
1973 1176 2158 1219 dimissis
2187 1177 2341 1236 siquis,
2372 1175 2428 1220 ad
2457 1176 2698 1235 subjectum

394 1243 474 1287 alii
502 1243 772 1287 referendam
803 1257 915 1299 esse,
945 1249 1114 1286 vetatur
1140 1243 1186 1285 id
1215 1258 1320 1286 voce
1350 1244 1525 1288 eundem
1553 1244 1693 1287 statim
1723 1244 1942 1304 adjuncta,
1974 1260 2085 1303 quae
2114 1245 2242 1304 plane
2273 1245 2539 1289 demonstrat
2568 1246 2698 1288 inter·

392 1319 566 1373 mptum
604 1312 826 1372 prehensis
862 1312 996 1372 signis
1034 1327 1205 1356 cursum
1243 1313 1422 1356 dimissis
1459 1313 1630 1357 demum
1666 1314 1956 1358 continuatum
1995 1328 2100 1357 esse.
2160 1314 2302 1358 Aliter
2338 1314 2565 1358 dicendum
2594 1315 2697 1358 fuit:

394 1383 476 1427 alii
505 1384 691 1426 dimissis
720 1384 854 1443 siqnis
885 1398 1054 1426 cursum
1085 1384 1389 1426 continuarent.

1283 1499 1523 1551 mum.
1560 1517 1600 1552 ο.
1635 1502 1722 1566 70,
1765 1470 1810 1550 1}

480 1603 715 1660 Pompejus
748 1632 800 1637 -
832 1603 1135 1663 munitionibus
1165 1603 1515 1661 appropinquare
1545 1602 1802 1661 aliquamdiu
1832 1617 1920 1647 non
1943 1578 2142 1655 audebat,
2173 1603 2421 1662 equitesque
2447 1603 2540 1661 ejus
2563 1617 2699 1661 angu-

481 1672 569 1716 stiis
589 1673 732 1730 portis
764 1679 892 1731 atque
922 1672 986 1717 his
1018 1673 1072 1717 ab
1104 1671 1300 1718 Caesaris
1330 1671 1531 1717 militibus
1563 1671 1778 1731 occupatis
1810 1670 1865 1716 ad
1894 1670 2203 1730 insequendum
2233 1671 2526 1717 tardabantur.

534 1764 698 1822 Optimi
736 1765 877 1820 codd„
916 1766 1113 1823 interque
1149 1779 1222 1809 eos
1259 1764 1393 1808 Paris.
1422 1771 1478 1808 et·
1498 1763 1662 1818 Haun.‚
1702 1763 1864 1808 habent
1894 1765 2084 1822 anqustis
2105 1766 2272 1822 portin
2311 1772 2354 1808 et
2383 1764 2443 1808 sic
2472 1763 2599 1809 etiam
2616 1763 2696 1809 ed.

394 1833 632 1879 Tarvisina.
698 1834 824 1889 Quae
861 1835 995 1879 verba
1032 1849 1164 1893 quum
1202 1833 1326 1892 gravi
1359 1832 1514 1878 mendo
1553 1833 1768 1889 laborent,
1806 1838 1949 1876 tamen
1986 1848 2073 1877 non
2109 1833 2168 1877 ita
2203 1839 2303 1878 sunt
2331 1832 2611 1890 restituenda,
2651 1839 2699 1877 ut

394 1904 577 1950 alterum
607 1903 783 1949 eiciatur
812 1904 881 1950 vel
911 1903 1166 1950 secludatur.
1230 1902 1465 1949 Emendari
1495 1917 1548 1949 ea
1577 1916 1707 1963 posse,
1732 1917 1821 1948 non
1851 1901 2056 1963 despero,
2087 1902 2239 1949 collato
2263 1902 2358 1949 loco
2383 1902 2425 1960 I,
2457 1904 2512 1948 68
2541 1904 2700 1948 itinera

394 1975 547 2019 castris
576 1974 755 2018 hostium
784 1975 1033 2033 oppositis
1064 1973 1320 2017 tenebantur.
1376 1972 1444 2017 Ibi
1469 1971 1632 2017 Caesar
1662 1972 1809 2016 eastris
1840 1972 2046 2032 oppositis
2076 1974 2311 2033 cogebatur
2339 1987 2497 2033 magno
2521 1973 2699 2017 circuitu

394 2044 627 2089 exercitum
658 2043 832 2100 ducere,
874 2043 944 2087 hic
974 2043 1138 2102 equites
1166 2043 1348 2102 Pompei
1380 2044 1589 2102 anqustiis
1620 2043 1892 2101 oppositis,
1933 2057 2042 2101 quae
2073 2042 2268 2101 superari
2298 2057 2384 2086 non
2421 2057 2547 2101 posse
2583 2042 2701 2087 vide-

393 2120 562 2169 rentur,
593 2113 647 2156 ad
677 2112 989 2173 insequendum
1019 2112 1252 2156 tardantur.
1301 2111 1404 2156 Una
1434 2113 1574 2155 littera
1596 2114 1614 2154 i
1637 2112 1833 2172 neglecta
1856 2112 2040 2171 primum
2071 2128 2129 2170 op
2151 2113 2338 2170 postis,
2368 2111 2521 2154 deinde
2545 2111 2702 2154 omissa

393 2184 562 2241 syllaba
592 2199 645 2240 op
675 2190 776 2225 nata
806 2190 871 2226 est
899 2183 1111 2241 scriptura
1132 2185 1322 2239 portis.
1375 2183 1444 2224 Ac
1471 2183 1660 2239 postulat
1688 2197 1791 2225 sane
1822 2197 1918 2224 cum
1948 2197 2151 2224 numerus
2182 2182 2380 2225 orationis
2409 2189 2551 2238 atque*
2569 2197 2701 2224 mem·

393 2253 568 2296 brorum
598 2251 859 2295 concinnitas
888 2259 979 2295 tum
1008 2251 1204 2310 gradatio
1235 2267 1305 2306 ea,
1343 2267 1455 2309 quae
1485 2251 1596 2294 inest
1625 2250 1668 2293 in
1696 2249 1874 2295 vocibus
1907 2261 2032 2310 atque
2061 2250 2126 2294 his
2157 2250 2289 2308 (sive,
2323 2257 2371 2294 ut
2397 2250 2442 2293 in
2472 2249 2700 2296 Tarvisina

393 2328 458 2367 est
488 2331 613 2381 atque
641 2322 741 2377 iis),
771 2320 1042 2381 participium
1073 2319 1266 2380 aliquod,
1297 2320 1412 2380 quod
1443 2320 1585 2365 comiti
1614 2336 1688 2365 suo
1718 2320 1917 2380 sequenti
1947 2321 2213 2379 occupatis
2248 2320 2360 2364 viam
2389 2319 2569 2380 aperiat.

1280 2438 1390 2489 Lib.
1424 2438 1519 2488 [H.
1557 2455 1597 2489 c.
1634 2440 1722 2502 75,
1763 2440 1819 2518 2.κ

480 2541 561 2604 His
586 2541 797 2601 explicitis
821 2541 948 2586 rebus
973 2541 1078 2592 duas
1102 2541 1147 2584 in
1169 2542 1317 2586 castris
1341 2542 1535 2601 legiones
1560 2540 1752 2595 retinuit,
1775 2540 1963 2599 reliquas
1988 2540 2041 2585 de
2065 2548 2217 2598 quarta
2240 2539 2386 2599 vigilia
2409 2540 2698 2599 compluribus

480 2611 615 2670 portis
644 2611 819 2667 eductas
850 2610 1000 2655 eodem
1029 2611 1179 2656 itinere
1209 2612 1446 2670 praemisit,
1477 2624 1699 2669 parvoque
1729 2610 1869 2668 spatio
1899 2610 2156 2665 intermisso,
2186 2617 2232 2652 ut
2261 2617 2304 2653 et
2327 2609 2510 2653 militare
2533 2610 2698 2654 institu-

479 2686 570 2724 tum
608 2685 855 2725 servaretur
892 2686 935 2725 et
975 2696 1104 2740 quam
1143 2682 1353 2725 amsime
1393 2681 1487 2739 ejus
1527 2678 1732 2740 profectio
1772 2685 2121 2739 cognosceretur,
2162 2678 2415 2722 conclamari
2448 2678 2577 2737 jussit
2614 2686 2698 2723 sta-

479 2749 640 2808 timque
671 2762 869 2808 egressus
899 2750 1172 2794 novissimum
1203 2764 1359 2809 agmen
1390 2756 1639 2801 consecutus
1669 2749 1863 2793 celeriter
1892 2763 1947 2792 ex
1977 2756 2205 2807 conspectu
2236 2755 2471 2791 castrorum
2495 2748 2701 2793 discessit.

532 2841 658 2885 Hanc
671 2829 896 2899 'Scaligeri
926 2841 1212 2886 coniecturam
1239 2869 1295 2876 --
1320 2858 1448 2901 quam
1477 2844 1684 2886 aeri-ssime
1706 2866 1764 2875 ——
1789 2855 1935 2885 omnes
1962 2815 2061 2900 poit
2091 2855 2187 2884 eum
2212 2839 2394 2884 editores
2416 2848 2700 2900 receperunt3

394 2910 655 2969 antiquiores
685 2909 780 2955 edd.
813 2916 859 2954 et
879 2910 970 2968 jam
1002 2909 1229 2954 Tarvisina
1258 2912 1424 2970 (1480)
1455 2917 1696 2955 constanter
1723 2910 1886 2955 habent
1915 2925 1969 2953 ne
1999 2911 2214 2953 citissima.
2270 2908 2474 2953 Correxit
2502 2909 2701 2954 Faernus

391 2995 445 3024 ne
480 2982 689 3025 citissime.
748 2979 932 3024 Ursinus
970 2986 1112 3023 autem
1147 2979 1192 3022 in
1232 2980 1318 3034 suis
1348 2980 1715 3026 emendationibus
1746 2986 1947 3034 testatur,
1985 2979 2028 3021 in
2058 2978 2340 3022 vetustissimo
2376 2994 2462 3038 quo
2499 2980 2704 3025 utebatur

394 3039 540 3095 codice
569 3050 701 3094 fuisse
731 3051 939 3093 citissime.
999 3048 1158 3094 Utrum
1187 3049 1316 3093 etiam
1345 3065 1399 3093 ne
1430 3064 1485 3094 an
1516 3066 1663 3109 quam,
1692 3063 1780 3092 non
1810 3048 1992 3108 reperio.
2045 3047 2159 3091 Nam
2188 3048 2232 3090 in
2257 3037 2384 3092 Notis
2411 3047 2580 3094 Ursinis
2610 3049 2705 3108 (ed.·

393 3118 648 3179 Jungerm.)
678 3119 938 3163 affirmatur:
963 3118 1017 3161 V.
1049 3117 1098 3162 O.
1129 3118 1291 3163 habet
1319 3128 1358 3162 et
1386 3135 1515 3179 quam
1544 3119 1785 3163 suetissime.
1828 3117 2012 3161 Videtur
2040 3133 2106 3176 pr.
2137 3133 2268 3161 manu
2299 3118 2508 3178 scriptum
2544 3119 2588 3162 in
2619 3118 2703 3164 Ur·

393 3190 475 3232 sini
505 3190 650 3234 codice
678 3190 829 3246 fuisse,
860 3205 988 3250 quam
1018 3190 1232 3243 citissime,
1264 3189 1452 3234 secunda
1480 3206 1611 3249 quam
1639 3189 1893 3242 suetissime5
1921 3187 2000 3230 nisi
2030 3187 2177 3231 forte’
2164 3203 2210 3231 m
2233 3186 2359 3233 Notis
2382 3188 2453 3232 hic
2476 3188 2585 3234 alius
2608 3188 2700 3234 cod.

399 3272 527 3316 quam
557 3257 602 3303 in
630 3259 1013 3305 Emendationibus
1042 3259 1265 3315 laudatur3
1304 3258 1418 3318 quod
1458 3259 1532 3302 vix
1569 3258 1805 3319 probabile
1835 3285 1893 3292 —
1933 3256 2071 3302 codd.
2101 3256 2234 3318 Nipp.
2266 3274 2293 3302 a
2321 3258 2350 3302 b
2379 3274 2410 3302 c
2434 3258 2463 3302 d
2499 3259 2704 3304 exhibent

395 3330 645 3373 suetis-aime
641 3344 735 3390 pro
765 3333 983 3384 Μώμῳ
1024 3330 1176 3389 quibus
1206 3328 1473 3388 Elberlingio
1504 3336 1612 3373 teste
1643 3327 1802 3386 accedit
1831 3327 1956 3371 etiam
1988 3326 2274 3384 Hauniensis,
2311 3328 2385 3387 qui
2414 3329 2545 3374 habet
2573 3346 2703 3389 quam

394 3399 633 3442 sueti-ssime.

2215 3469 2239 3510 3
2258 3468 2281 3493 *
