3106 3693
1549 112 1615 164 14

447 262 540 315 ,81
569 259 833 318 pabulatum
860 261 1128 305 emittitur
1156 276 1285 305 nmo.
1320 259 1362 304 b.
1391 259 1574 320 g.V11‚
1602 262 1677 337 20
1689 259 1800 320 elam
1829 275 1884 309 σω
1913 262 2066 305 casto-is
2096 262 2293 312 emisse,
2333 263 2373 305 oi
2401 262 2738 322 quidfimautt'

423 315 2737 393 autpecommaqrurepenrepouentxbVm,10mpddawmsrumentatumqulo09m

422 397 1998 504 mptvfiodnoeutdu'nhafi7'quiaquatumenwibmeoeierant.
2042 397 2219 457 Ethc
2246 397 2736 459 adam-VIILfflut

408 467 805 524 frumentatum
834 484 937 512 eas.
969 492 1027 502 —

1309 560 1421 610 Lib.
1456 542 1554 610 111.
1592 577 1634 611 ο.
1672 562 1767 625 49,
1807 563 1853 612 s.

516 674 675 718 Omnia
705 674 819 717 enim
848 674 1025 717 flumina
1053 679 1183 731 atque
1215 687 1362 717 omnes
1391 673 1530 728 rivos,
1568 673 1642 731 qui
1671 672 1725 716 ad
1753 688 1873 717 mare
1902 674 2195 732 pertinebant,
2226 672 2387 718 Caesar
2417 680 2492 717 aut
2519 678 2736 718 averterat

513 750 588 786 aut
618 742 786 802 magnis
814 742 1016 802 operibus
1045 742 1341 796 obstruet-an
1383 749 1512 801 atquc
1549 750 1597 787 ut
1637 750 1761 788 erant
1786 741 1903 786 loca
1911 750 2140 788 montuosa
2168 750 2212 788 et
2239 743 2304 787 ad
2329 758 2477 803 specu
2512 744 2734 802 angustiae

513 811 709 867 vallium,
742 811 822 854 has
861 811 1035 855 sublicis
1067 812 1115 855 in
1152 818 1311 856 terram
1348 811 1539 856 demissis
1575 818 1900 871 praesepserat,
1940 819 2188 869 terramque
2224 812 2467 871 adjecerat,
2503 818 2551 856 ut
2578 822 2734 871 aquam

509 880 797 925 comeret.

564 970 760 1029 Primus,
791 972 906 1030 quod
937 973 1081 1028 sciam,
1111 971 1261 1016 Morus
1286 973 1505 1031 angustias
1528 971 1701 1016 vallium
1732 972 1795 1016 ad
1819 951 1967 1031 specus
1997 971 2092 1017 coll.
2122 971 2223 1017 bell.
2253 970 2366 1017 alex.
2400 977 2426 1017 5
2456 979 2502 1017 et
2529 975 2556 1016 6
2586 970 2733 1040 expla-

424 1055 532 1085 nare
563 1049 739 1086 conatus
770 1048 856 1095 est;
887 1041 960 1099 qui
992 1040 1183 1099 quidem:
1215 1041 1277 1084 ad
1303 1057 1448 1099 specus
1479 1057 1578 1100 any.
1609 1040 1801 1093 valliam,
1831 1042 1982 1101 inquit,
2011 1041 2038 1084 i.
2070 1056 2107 1085 e.
2137 1057 2236 1105 any
2268 1040 2370 1085 vall.
2400 1042 2509 1102 'qaae
2527 1045 2733 1101 poterant

425 1125 513 1153 esse
545 1108 634 1153 loco
662 1126 881 1169 specuum,
912 1106 1066 1152 habere
1093 1125 1217 1153 asam
1247 1115 1287 1153 e!
1314 1110 1399 1153 vim
1426 1125 1636 1167 specuum.
1696 1109 1838 1164 Quem
1864 1108 2036 1155 refellit
2064 1102 2372 1172 Nipperdeius,
2410 1110 2465 1153 ad
2495 1109 2732 1155 similitudi·

419 1192 535 1235 nem,
567 1193 678 1238 quae
708 1176 945 1222 intercedat
971 1176 1086 1222 inter
1114 1177 1250 1222 valles
1279 1185 1483 1237 angustas
1498 1186 1542 1222 et
1570 1192 1737 1237 specus,
1767 1193 1846 1223 nos
1869 1177 2081 1237 rejiciens.
2126 1178 2239 1225 Eum
2264 1185 2434 1232 secutus
2458 1187 2523 1222 est
2545 1176 2732 1235 Kraner,

419 1261 501 1292 nec
528 1245 780 1291 Hofmanno
810 1247 854 1290 in
885 1245 984 1292 edit.
1016 1249 1056 1290 3.
1089 1246 1419 1291 contradicente.
1482 1246 1572 1293 Sed
1612 1248 1776 1306 primus
1817 1246 1871 1292 de
1900 1247 2107 1293 latinitate
2138 1249 2232 1306 eJ'us
2261 1248 2485 1292 locutionis
2525 1245 2733 1291 dubitavit

418 1314 616 1372 Heldius,
648 1314 777 1377 idque
806 1331 884 1361 suo
915 1315 988 1361 ille
1014 1317 1129 1376 jure,
1160 1316 1195 1359 si
1225 1317 1327 1375 quid
1358 1331 1439 1376 ego
1471 1316 1610 1361 video.
1669 1316 1782 1361 Nam
1813 1332 1920 1376 quos
1950 1317 2077 1361 affert
2103 1316 2222 1361 locos
2249 1316 2553 1377 Nipperdeius,
2583 1317 2611 1360 ii
2640 1324 2732 1360 tan-

421 1392 511 1429 tum
544 1385 663 1431 abest
702 1394 750 1431 ut
789 1385 1045 1431 confirment
1088 1386 1180 1445 ejus
1218 1386 1545 1446 explicationem
1575 1386 1803 1431 verborum
1840 1393 1888 1431 ut
1923 1386 2187 1433 labefactare
2225 1401 2319 1431 eam
2359 1393 2488 1447 atque
2524 1385 2631 1431 adeo
2663 1403 2729 1430 ie·

419 1455 571 1501 fellere
601 1471 681 1500 suo
711 1456 954 1500 testimonio
984 1454 1222 1512 yideantur.
1282 1454 1350 1500 Ibi
1381 1455 1494 1500 enim
1524 1455 1761 1515 adjectiws,
1792 1472 1903 1515 quae
1934 1464 2107 1514 vocant,
2143 1455 2339 1501 inhaeret
2367 1456 2410 1500 id
2441 1455 2558 1515 quod
2586 1454 2728 1500 simili·

422 1524 583 1569 tudinis
613 1525 832 1570 notionem
862 1525 1056 1585 praebet,
1086 1526 1120 1568 si
1154 1525 1217 1569 ad
1243 1540 1332 1570 rem
1365 1525 1641 1585 comparandi
1672 1540 1801 1570 causa
1830 1526 1958 1569 aliam
1988 1540 2080 1571 rem
2110 1525 2325 1571 adhibeas.
2385 1525 2455 1569 Ita
2492 1533 2609 1571 recte
2639 1526 2729 1586 qui-

419 1594 518 1639 dem
536 1595 707 1639 dicitur:
728 1594 960 1653 Septimius
977 1604 1038 1637 est
1060 1595 1128 1638 ad
1158 1594 1307 1637 Crassi
1330 1595 1608 1654 eloquentiam
1624 1597 1815 1652 qravis
1834 1605 1873 1637 et
1893 1595 2186 1648 vehemen35
2209 1602 2283 1638 aut
2305 1595 2433 1639 etiam
2451 1593 2562 1652 (le.
2574 1593 2728 1649 XXII,

417 1665 491 1717 22)
522 1664 684 1708 homini
719 1680 803 1708 non
834 1663 902 1708 ad
930 1672 1067 1707 cetera
1096 1662 1268 1708 Punica
1292 1665 1466 1723 inqenia
1497 1663 1716 1707 callido.
1762 1662 1851 1709 Sed
1883 1664 1977 1722 quis
2007 1679 2197 1722 unquam
2227 1664 2353 1708 dixit:
2384 1664 2555 1724 aliquid
2582 1674 2641 1708 est
2670 1664 2732 1707 ad

419 1733 612 1792 aliquam
641 1749 730 1776 rem
759 1748 839 1792 pro
870 1748 942 1788 eo,
974 1732 1089 1792 quod
1121 1741 1208 1777 tam
1238 1733 1384 1777 tritum
1414 1741 1491 1789 est,
1521 1733 1657 1777 simile
1687 1743 1746 1777 est
1775 1732 1910 1778 alicui
1944 1736 2038 1777 rei?
2090 1733 2262 1778 Deinde
2293 1733 2517 1792 angustiae
2553 1733 2729 1777 vallium

420 1816 509 1847 non
545 1810 644 1846 sunt
680 1810 890 1861 angustae
932 1802 1090 1857 valles,
1135 1802 1212 1847 sed
1254 1811 1353 1846 sunt
1395 1802 1516 1861 quasi
1552 1804 1696 1847 fauces
1733 1818 1783 1845 ac
1818 1810 1969 1862 portae
2007 1803 2193 1846 vallium.
2254 1802 2375 1856 Quas
2403 1803 2439 1846 si
2470 1802 2728 1847 concesseris

420 1871 604 1916 aditus
635 1870 718 1915 dici
747 1886 875 1932 posse
913 1886 1118 1931 specuum
1164 1871 1277 1930 (sive
1314 1872 1490 1916 vallium
1530 1870 2001 1932 superimpendentibus
2038 1872 2216 1931 rupibus
2250 1871 2449 1916 similium
2484 1871 2726 1931 specubus)

416 1949 560 1987 tamen
593 1956 746 2000 specus
777 1942 847 1987 vel
876 1942 1109 2002 speluncae
1138 1943 1216 2000 (cf.
1248 1942 1289 1986 b.
1320 1943 1397 1985 afr.
1430 1943 1515 2001 50)
1545 1942 1662 2002 ipsae
1693 1941 1775 1985 dici
1804 1956 1891 1986 non
1921 1949 2114 2001 possunt,
2141 1956 2283 1999 neque
2312 1941 2724 2000 specubusassimu-

414 2011 507 2055 lari.
554 2012 781 2056 Postremo
811 2002 917 2054 nihil
948 2011 1122 2055 omnino
1153 2012 1304 2055 attinet
1333 2011 1386 2054 ad
1417 2026 1521 2066 rem,
1552 2020 1694 2055 utrum
1722 2010 2151 2071 superimpendentes
2179 2010 2265 2054 sint
2288 2025 2418 2070 rupes
2448 2024 2530 2055 nec
2552 2025 2620 2065 ne,
2644 2010 2727 2053 hoc

416 2080 677 2140 permultum
706 2080 853 2134 refert,
885 2087 931 2124 ut
956 2081 1182 2140 angustiae
1211 2080 1296 2124 sint
1314 2080 1501 2135 vallium,
1527 2095 1688 2139 eaeque
1706 2080 1818 2123 saxis
1836 2081 2079 2140 praeruptis
2104 2094 2160 2124 ex
2185 2086 2368 2138 utraque
2386 2086 2510 2138 parte
2534 2084 2727 2138 asperae.

416 2149 535 2204 Quid
564 2151 734 2194 multa?
765 2149 980 2194 levissima
1010 2149 1246 2194 mutatione
1277 2149 1578 2209 corrigendum
1609 2157 1691 2193 est:
2086 2161 2089 2164 ’

503 2253 629 2303 atque
663 2251 711 2288 ut
747 2252 870 2287 eram
908 2243 1003 2287 loca
1041 2251 1261 2287 montuosa
1292 2252 1330 2286 et
1359 2259 1590 2302 asperae
1620 2245 1842 2302 anyto-stiae
1871 2242 2071 2297 vallium,
2103 2243 2181 2287 bas
2210 2242 2382 2287 sublicis
2411 2244 2458 2284 in
2489 2250 2646 2285 tem-am
2675 2241 2727 2285 de

498 2316 639 2358 missis
669 2320 985 2371 praesepserat.

554 2405 782 2465 Effusmodi
823 2405 958 2450 valles
989 2411 1377 2450 commemorantur
1405 2405 1444 2460 I,
1475 2406 1552 2460 68,
1591 2406 1638 2459 2,
1677 2405 1751 2449 ubi
1790 2421 1904 2448 sama
1939 2405 2082 2449 multu
2126 2404 2228 2448 locis
2248 2414 2496 2462 praerupta
2535 2406 2617 2446 iter
2645 2406 2722 2446 im-

408 2476 653 2535 pediebant.
720 2475 851 2530 Quae
887 2482 1030 2521 autem
1066 2480 1305 2534 praerupta
1334 2481 1433 2518 sunt
1462 2473 1689 2529 descensu,
1727 2474 1877 2519 eadem
1915 2481 2016 2520 sunt
2045 2489 2198 2533 aspera
2226 2488 2429 2529 ascensu3
2460 2470 2514 2517 cf.
2543 2473 2633 2528 111,
2665 2476 2720 2516 43

415 2546 520 2588 editi
549 2554 674 2603 atque
703 2547 877 2603 asperi
906 2545 1042 2588 eolles.
1102 2543 1250 2598 Quare
1281 2559 1354 2588 eas
1383 2558 1510 2588 voces
1540 2543 1651 2587 inter
1679 2558 1726 2587 se
1752 2543 1881 2603 jungi
1907 2543 2100 2587 videmus
2125 2542 2191 2600 II,
2207 2544 2275 2588 24.
2293 2543 2723 2603 jamma-utraque

412 2630 468 2658 eoe
486 2623 622 2673 parte
642 2624 930 2672 praeruptum
959 2623 1085 2673 atque
1114 2629 1365 2671 asperum.
1407 2613 1467 2657 Et
1495 2612 1604 2656 solet
1629 2627 1856 2657 occurrere
1880 2612 2137 2656 vocabulum
2158 2628 2377 2672 aspera,
2402 2612 2721 2671 ubiangustiae

409 2691 454 2728 et
482 2682 579 2727 loca
607 2690 999 2728 commemorantur
1027 2692 1324 2727 montuosa.
1386 2682 1455 2727 Of.
1484 2681 1618 2737 1‚66
1648 2682 1749 2727 inde
1779 2684 1972 2741 excipere
2001 2681 2096 2725 loca
2119 2698 2301 2741 aspera
2326 2691 2620 2737 etmoutuosa5
2649 2684 2723 2740 qai

404 2755 534 2812 prior
563 2754 643 2796 has
673 2753 1259 2811 anqustiasoceupaverit
1287 2767 1325 2796 e.
1355 2767 1397 2809 q.
1426 2767 1460 2795 s.
1492 2750 1592 2807 111,
1620 2753 1676 2793 42
1706 2752 1822 2811 quod
1843 2761 1946 2795 suut
2001 2751 2096 2795 loca
2127 2767 2316 2809 aspera
2341 2761 2384 2794 -et
2411 2760 2641 2795 mamma.

1295 2879 1406 2931 Lib.
1443 2878 1541 2930 HJ„
1578 2896 1619 2931 e.
1656 2881 1748 2944 49,
1789 2882 1835 2931 6.

498 2996 562 3038 At
592 2995 789 3040 Caesaris
820 2994 1035 3039 exercitus
1067 2994 1227 3054 optima
1256 2993 1501 3038 valetudine
1528 3009 1775 3055 summaque
1804 3009 1942 3055 aquae
1966 2995 2090 3055 copia
2112 2996 2324 3052 utebatur,
2354 3002 2444 3040 tum
2462 3001 2721 3040 commeatus

499 3064 615 3109 omni
642 3080 806 3125 genere
834 3072 1013 3125 praeter
1041 3065 1306 3110 frumentum
1335 3063 1593 3121 abundabat,
1624 3065 1774 3125 quibus
1803 3064 1957 3110 cotidie
1987 3065 2139 3109 melius
2178 3065 2387 3110 subterere
2425 3073 2596 3125 tempus
2632 3079 2720 3108 ma-

497 3135 719 3194 ioremque
748 3150 871 3195 spem
900 3135 1147 3180 maturitate
1176 3135 1490 3180 frumentorum
1522 3135 1708 3194 proponi
1739 3134 1956 3180 videbant.

548 3228 686 3273 Recte
715 3229 882 3273 monuit
909 3228 1223 3288 Nipperdeius,
1261 3216 1408 3272 vitium
1437 3228 1575 3273 latere
1604 3228 1648 3271 in
1677 3243 1801 3288 pron.
1833 3229 1910 3274 reL
1940 3230 2111 3288 quibus,
2149 3229 2217 3273 cui
2257 3229 2326 3274 hic
2362 3242 2541 3288 prorsus
2576 3227 2718 3274 nullus

408 3304 523 3342 esset
549 3297 683 3343 locus.
745 3297 912 3344 Verum
941 3297 1069 3342 etiam
1098 3314 1204 3344 num
1228 3298 1364 3342 latine
1392 3297 1495 3342 satis
1525 3297 1692 3341 dicatur
1721 3298 1874 3343 bonum
1903 3308 2062 3357 tempus
2092 3305 2136 3346 et
2163 3299 2384 3343 succedere
2413 3306 2591 3357 tempu,
2629 3313 2717 3344 non
2792 3309 2797 3312 ⁴

408 3366 591 3425 adjectO,
620 3367 689 3413 cui
718 3367 784 3413 rei
813 3367 1040 3423 succedat,
1077 3367 1124 3410 in
1163 3367 1339 3411 dubium
1379 3382 1463 3426 ego
1493 3367 1747 3412 vocaverim.
1808 3367 1964 3426 Neque
1995 3375 2096 3426 apta
2124 3374 2225 3410 sunt
2262 3374 2409 3411 nostro
2450 3368 2566 3423 loco,
2607 3381 2718 3425 quae

406 3436 533 3482 affert
560 3437 762 3497 exempla
792 3436 1074 3482 Hofmmnus.
1141 3438 1335 3495 Tempus*
1351 3439 1462 3482 enim
1496 3439 1673 3481 actionis
1709 3447 2004 3495 opportunum,
2035 3451 2121 3494 quo
2157 3436 2357 3480 definitur
2387 3444 2429 3481 et
2458 3436 2717 3481 circumscri-
