3106 3693
1538 81 1618 144 m.

544 226 655 272 dam
682 235 788 272 vero
816 226 988 272 videtur
1006 226 1181 284 quidem
1205 225 1421 284 Sanigai
1442 214 1690 279 emendatio
1701 204 1869 289 bannui
1891 227 2110 286 pru-hcm
2125 241 2321 283 mum-3
2344 229 2507 276 cedwal
2530 243 2728 290 unguem

410 293 447 339 si
484 304 684 343 resecate
718 303 814 342 rem
848 293 980 351 vern,
1013 299 1108 341 nen
1134 293 1385 355 praehet*
1403 293 1506 342 Δ.
1502 286 1917 355 ῖῑρουαψοὸοόαοι
1949 293 2206 355 mmm
2199 295 2557 355 confir-mut
2569 312 2731 361 xqm

408 365 621 414 seo-iamne
648 364 859 426 protectio
884 368 1241 427 cognoscam,
1264 377 1387 411 mm
1383 365 1498 428 ipsa
1515 364 1822 415 maela-sudi
1832 363 2731 424 mmeoeudhnfifflequt‘onirht

410 435 602 498 Caesare
632 436 790 495 dignus
819 436 896 481 iun
921 436 1233 495 superlativus,
1260 436 1359 494 qni
1371 441 1433 480 ex
1459 450 1567 482 uo
1574 436 1709 480 Plini
1735 437 1834 484 beo
1852 436 1988 493 XV,-
1997 439 2058 480 1⁷
2083 436 2378 495 (Pu-mu
2376 450 2445 481 ιο.
2467 439 2585 499 ipsu
2598 442 2732 487 mt-

408 505 514 546 sime
542 503 651 564 leyi)
681 505 874 550 affertur·
926 504 1010 549 His
1020 506 1169 566 igitur
1198 505 1253 549 de
1282 505 1420 549 causis
1447 512 1492 549 et
1521 506 1724 564 quomam
1750 505 1818 548 in
1808 506 2122 550 vetustis-‘mis
2146 506 2374 550 codicibus·
2383 507 2592 568 opp-ret
2585 508 2732 554 faisse

317 613 332 618 ,
409 576 633 625 citissime,
669 575 807 619 altera
839 575 998 633 iterum
1032 576 1300 631 conjectura
1317 588 1429 632 opus
1468 582 1551 630 est,
1587 581 1649 617 ut
1677 575 1868 633 integra
1876 575 2057 619 tandem
2097 575 2370 642 restituatur
2368 576 2608 636 scriptura.
2665 578 2722 630 In

409 643 605 689 &nudem
637 642 803 689 Caesar·
828 639 973 688 hostes
1001 642 1206 686 inducere
1235 643 1329 686 vult
1359 656 1474 697 ean,
1504 650 1551 686 ut
1581 656 1633 687 eo
1663 643 1835 688 demum
1858 644 2064 703 temporis
2083 651 2332 701 memento,
2344 658 2438 704 quo
2463 645 2722 692 conclamari

407 726 512 756 vasa
535 712 662 768 jubet
690 711 883 755 instituto
911 712 1083 754 militari
1112 719 1300 766 servato,
1330 712 1641 770 profectionem
1671 713 1764 771 ipse
1790 713 1988 756 meditari
2018 714 2248 758 videretur.
2305 713 2436 758 Hunc
2460 721 2603 760 autem
2627 728 2721 759 sen

406 795 503 825 sum
539 780 701 825 efficies
738 780 966 824 scribendo
1002 781 1221 825 levissima
1257 782 1494 824 litterarum
1534 782 1792 826 mutatione:
1830 791 1879 827 ut
1908 811 1961 817 ——
1994 785 2150 843 quasi
2180 785 2492 828 certissime·
2503 785 2595 828 eius
2616 798 2720 842 pro-

393 850 533 908 fectio
564 859 892 909 coquom-eretur.
920 891 923 895 .
952 850 1066 895 Nam
1097 851 1510 909 quasicEtissime
1539 852 1799 911 transposito
1829 852 1939 911 siglo
1978 854 2396 911 qnasicetissime
2431 867 2570 912 aeque
2585 853 2720 898 ‘facile

405 918 604 979 pariebat
637 925 769 981 quam
806 921 1005 966 citissime
1037 925 1082 965 et
1118 935 1247 979 quam
1284 920 1526 965 suetim'me.
1565 945 1622 953 ——
1662 919 1886 966 Ceterum
1905 921 1957 966 cf.
1999 921 2157 968 similes
2192 923 2309 969 locos
2345 923 2385 968 b.
2417 923 2474 968 af.
2502 924 2558 967 27
2588 937 2720 969 unam

392 988 678 1048 fimditorum
708 992 785 1046 (sc.
819 989 976 1047 aciem)
1007 1004 1116 1049 quae
1145 990 1298 1048 quasi
1327 988 1678 1033 adversariorum
1708 988 1844 1035 locum
1872 989 2080 1079 obtineret
2140 992 2195 1037 ib
2221 994 2276 1038 32
2312 1001 2361 1038 ut
2389 993 2542 1053 quasi
2577 992 2719 1051 despe-

406 1061 524 1104 xisse
557 1058 784 1103 Caesarem
813 1059 1040 1102 videretur.

534 1162 672 1217 Quae
709 1168 995 1220 sequuntur.
1010 1161 1164 1221 Neque
1201 1177 1304 1206 vero
1335 1161 1570 1221 Pompejus
1608 1162 1780 1221 cognito
1819 1162 1993 1207 consilio
2015 1163 2128 1222 rejus
2162 1178 2324 1208 moram
2363 1163 2496 1209 ullam
2527 1164 2580 1209 ad
2610 1164 2719 1209 inse-

407 1229 626 1290 quendum
663 1231 826 1286 intulit3
865 1230 940 1277 sed
977 1232 1121 1277 eadem
1158 1241 1377 1290 spectans,
1416 1232 1451 1276 si
1489 1232 1641 1277 itinere
1671 1232 1896 1292 impeditos
1927 1232 2177 1291 perterritos
2208 1231 2531 1294 deprehendere
2562 1241 2718 1293 posset,

404 1300 554 1344 eduxit
584 1315 621 1342 e.
648 1315 689 1359 q.
715 1315 748 1343 s.
782 1328 834 1333 —
868 1315 920 1344 ea
950 1302 1084 1345 verba
1114 1316 1169 1344 ne
1193 1300 1429 1344 Hofmanni
1460 1300 1628 1360 quidem
1661 1301 1958 1345 emendatione
1990 1302 2130 1344 eodem
2156 1317 2265 1346 sana
2294 1302 2547 1346 habeantur.
2607 1302 2717 1344 Nam

404 1370 488 1421 loci
518 1385 542 1412 e
569 1369 781 1413 Cicerone
813 1370 928 1412 allati
957 1371 1042 1413 alia
1072 1378 1136 1414 est
1165 1371 1285 1413 ratio.
1341 1370 1591 1428 Requiritur
1621 1371 1800 1414 verbum
1832 1371 1947 1430 quod
1978 1372 2234 1414 affirmando
2273 1381 2431 1431 augeat
2465 1372 2717 1415 sententiam

404 1453 518 1496 quae
547 1439 768 1496 praecedit
797 1440 1051 1495 negativam.
1112 1440 1267 1496 Itaque
1298 1440 1343 1480 in
1372 1446 1558 1483 mentem
1595 1441 1712 1483 venit
1748 1440 1918 1497 legere:
1955 1442 2031 1483 sed
2066 1441 2206 1483 eodem
2233 1456 2553 1498 properans,
2594 1443 2632 1482 si
2665 1466 2714 1471 -

393 1517 553 1565 posset,
580 1508 728 1551 eduxit
752 1524 783 1549 e.
805 1524 842 1565 q.
866 1524 896 1549 s.
939 1507 1069 1551 Certe
1094 1509 1332 1551 inveterato
1358 1509 1460 1551 vitio
1485 1508 1715 1552 deformari
1740 1509 1857 1553 locus
1882 1510 2064 1565 videtur,
2089 1518 2136 1554 ut
2160 1510 2227 1554 vel
2252 1510 2455 1553 audacius
2480 1510 2716 1553 remedium

407 1577 524 1618 haud
553 1592 729 1633 prorsus
759 1577 1047 1633 respuendum
1079 1579 1142 1618 sit.
1200 1578 1294 1619 Nec
1324 1578 1504 1619 absimili
1534 1579 1670 1620 forma
1695 1579 1818 1619 nimis
1842 1586 2051 1621 remotam
2075 1593 2435 1636 vocemfflperans
2454 1579 2715 1635 judicaveris

404 1660 498 1689 esse
529 1661 555 1687 a
584 1656 794 1702 spectans,
827 1646 1079 1706 compendio
1110 1648 1144 1688 si
1174 1648 1333 1705 scripta
1363 1649 1517 1690 fuerat.

1294 1762 1404 1813 Lib.
1437 1762 1533 1812 111.
1580 1781 1619 1813 0.
1661 1764 1747 1826 81,
1788 1765 1833 1813 3.

486 1863 571 1906 Ille
600 1865 750 1922 seqetie
779 1864 981 1907 idoneum
1011 1864 1151 1907 locum
1181 1865 1225 1906 in
1255 1865 1372 1923 agris
1403 1871 1570 1918 nactus,
1614 1880 1723 1924 quae
1742 1880 1881 1923 prope
1899 1866 2000 1924 jam
2028 1874 2202 1909 matura
2232 1875 2344 1918 erat,
2389 1866 2447 1910 ibi
2478 1866 2709 1910 adventum

491 1940 723 1990 expectare
752 1933 934 1992 Pompei
965 1948 1103 1991 eoque
1134 1948 1304 1976 omnem
1337 1935 1436 1976 belli
1467 1936 1676 1976 rationem
1708 1935 1903 1978 conferre
1934 1936 2161 1978 constituit.

542 2025 729 2070 Omnem
769 2026 873 2070 belli
912 2027 1120 2072 rationem
1159 2027 1302 2086 aliquo
1341 2028 1538 2072 conferre
1573 2028 1732 2072 nullius
1771 2034 1836 2072 est
1874 2028 1955 2072 nisi
1991 2029 2282 2089 imperatoris3
2324 2044 2430 2089 ergo
2460 2043 2547 2073 non
2576 2030 2715 2089 potuit

400 2111 494 2141 esse
517 2095 751 2154 Scipionis,
783 2102 830 2139 ut
857 2097 931 2155 qui
959 2103 1205 2155 expectaret
1224 2097 1503 2156 Pompejum,
1534 2113 1742 2141 summum
1769 2098 2092 2156 imperatorem,
2124 2098 2243 2142 cuius
2265 2099 2357 2157 ipse
2382 2099 2478 2142 iura
2502 2098 2713 2157 adrogare

397 2164 477 2209 sibi
514 2181 601 2210 non
640 2166 796 2211 debuit.
858 2166 1024 2220 Quodsi
1059 2173 1156 2225 post
1193 2166 1341 2225 paullo
1373 2166 1607 2225 Pompejus
1637 2167 1820 2211 traditur
1854 2183 1977 2212 suum
2016 2184 2113 2212 cum
2144 2166 2348 2226 Scipione
2378 2168 2713 2227 honorem¹par-

395 2234 498 2278 'titus
529 2250 642 2291 esse,
673 2235 768 2294 ipsa
797 2236 932 2280 verba
962 2236 1117 2280 docent
1147 2243 1299 2294 sponte
1329 2235 1373 2279 id
1404 2251 1652 2280 concessum
1682 2251 1768 2280 non
1800 2237 2040 2281 necessario
2071 2237 2230 2281 factum
2260 2252 2364 2281 esse.
2408 2236 2502 2281 Nec
2527 2237 2570 2279 in
2595 2233 2714 2281 ante-

398 2304 646 2349 cedentibus
676 2305 806 2361 hujus
838 2305 986 2363 capitis
1017 2306 1145 2349 rebus
1176 2304 1301 2349 aliter
1330 2305 1545 2363 Scipionis
1576 2320 1702 2362 quam
1735 2306 1871 2349 obiter
1900 2307 2058 2349 mentio
2089 2306 2288 2363 injicitur.
2340 2306 2490 2359 Quare
2516 2306 2551 2348 si
2578 2306 2712 2349 oratio

396 2374 451 2416 ab
481 2374 553 2429 iis,
585 2387 697 2431 quae
728 2373 782 2416 de
816 2372 1006 2417 Caesare
1036 2380 1348 2428 memorantur,
1374 2375 1466 2431 jam
1497 2374 1728 2416 transitura
1757 2373 1811 2416 ad
1843 2373 2057 2432 Scipionis
2086 2381 2210 2433 gesta
2240 2380 2369 2428 esset,
2409 2374 2478 2417 hic
2508 2374 2712 2417 dicendus

397 2450 508 2495 erat,
547 2457 634 2486 non
673 2443 757 2485 ille.
818 2443 974 2501 Neque
1014 2443 1125 2486 enim
1162 2457 1257 2485 cum
1295 2444 1338 2485 in
1370 2444 1500 2486 rebus
1531 2443 1756 2485 narrandis
1787 2450 1830 2486 et
1860 2443 2126 2504 exponendis
2157 2457 2208 2486 ea
2238 2443 2495 2501 pronomina
2525 2443 2637 2486 inter
2666 2457 2712 2487 se

395 2519 694 2569 opponuntur,
733 2513 802 2554 hic
833 2527 931 2555 eum
961 2512 1187 2570 significat,
1224 2514 1297 2569 qui
1328 2513 1524 2570 proxime
1555 2513 1797 2554 nominatus
1828 2519 1910 2566 est,
1941 2513 2015 2555 sed
2047 2526 2162 2567 eum,
2194 2513 2265 2570 qui
2297 2526 2412 2554 nunc
2439 2513 2708 2570 potissimum

394 2581 439 2622 in
472 2580 647 2623 alterius
676 2581 817 2624 locum
848 2580 1047 2624 succedit.
1109 2580 1355 2623 Narrantur
1384 2595 1489 2623 vero
1522 2595 1631 2638 quae
1662 2596 1687 2623 a
1718 2579 1907 2624 Caesare
1938 2588 2062 2639 gesta
2092 2582 2175 2623 sint
2202 2580 2474 2624 Thessaliam
2509 2581 2709 2635 intrante,

394 2657 438 2694 et
465 2650 520 2692 ad
544 2665 642 2693 eum
663 2664 801 2708 usque
825 2650 967 2693 locum
990 2658 1255 2709 penetrante,
1281 2650 1471 2709 ubiuipse
1490 2649 1671 2708 Pompei
1694 2649 1924 2693 adventum
1949 2658 2178 2708 expectare
2206 2650 2435 2693 constituit.
2477 2649 2709 2709 Designari

392 2719 542 2779 utique
580 2734 680 2765 eum
716 2718 859 2765 locum
897 2735 1072 2765 necesse
1103 2728 1186 2776 est,
1228 2720 1299 2764 ubi
1330 2727 1469 2764 castra
1499 2720 1641 2779 posuit
1671 2717 1853 2775 Caesar3
1896 2734 1977 2765 nec
2007 2729 2147 2765 tamen
2179 2720 2222 2763 in
2254 2719 2528 2779 sequentibus
2559 2734 2612 2764 ea
2639 2736 2709 2765 res

391 2790 523 2850 plane
553 2790 753 2835 refertur.
815 2791 876 2834 At
907 2790 1154 2852 Scipionem
1184 2790 1339 2834 scimus
1371 2794 1430 2843 (c.
1464 2792 1541 2845 80,
1573 2792 1625 2848 3)
1655 2789 1850 2850 legiones
1881 2790 2110 2835 adduxisse
2134 2790 2367 2846 Larissam,
2400 2805 2528 2848 quam
2558 2791 2709 2834 urbem

391 2861 475 2906 hoc
509 2861 605 2920 ipso
643 2861 785 2920 capite
823 2861 952 2905 etiam
988 2868 1079 2905 tum
1115 2861 1253 2906 teneri
1282 2861 1465 2920 legimus
1494 2862 1662 2920 magnis
1698 2861 1958 2907 exercitibus
1988 2860 2216 2920 Scipionis.
2276 2860 2352 2907 Sic
2389 2861 2521 2919 igitur
2553 2867 2708 2915 statu0,

391 2945 633 2990 pronomen
662 2931 737 2973 ille
765 2931 821 2974 ad
853 2929 1084 2975 Caesarem
1116 2945 1209 2975 esse
1238 2931 1541 2986 referendum,
1580 2939 1628 2975 ut
1656 2946 1789 2990 supra
1818 2946 1852 2975 c.
1885 2935 1904 2973 1
1917 2964 1929 2987 ,
1961 2932 1986 2974 3
2017 2930 2182 2975 Caesar
2210 2930 2367 2974 dicitur
2394 2933 2626 2978 restituisse
2661 2933 2709 2973 in

394 3004 624 3060 imeyrum,
665 3003 742 3060 qui
778 3017 823 3044 se
862 3000 951 3043 illo·
988 3001 1016 3043 i.
1048 3015 1085 3044 e.
1117 2999 1295 3045 Caesari
1335 3002 1458 3044 initio
1499 3000 1637 3044 civilis
1677 3001 1777 3045 belli
1815 3000 2064 3045 obtulerant.
2125 2999 2255 3054 Quod
2284 2999 2319 3043 si
2348 3014 2500 3043 verum
2530 3007 2614 3055 est,
2642 2999 2709 3043 *de

395 3072 621 3115 frumentis
641 3071 840 3115 hocloco
870 3078 1000 3132 atque
1032 3070 1138 3114 adeo
1165 3070 1407 3114 maturitate
1433 3071 1744 3115 frumentorum
1769 3071 1950 3116 verbum
1972 3071 2062 3129 jam
2088 3069 2254 3113 nullum
2279 3069 2373 3112 fieri
2400 3075 2559 3127 potest,
2591 3067 2708 3127 quod

394 3156 536 3200 neque
560 3140 795 3185 'Caesarem
826 3148 1003 3200 recepta
1034 3140 1147 3184 omni
1173 3140 1396 3184 Thessalia
1419 3146 1599 3200 'praeter
1623 3140 1874 3185 Larissaeos
1896 3140 2043 3199 inopia
2071 3139 2290 3183 laborasse
2320 3138 2522 3183 credibile
2549 3147 2635 3195 est,
2665 3145 2709 3181 et

390 3211 537 3271 paullo
565 3218 665 3270 post
693 3210 851 3257 diserte
877 3211 1062 3256 relatum
1094 3211 1294 3273 legimus,
1325 3217 1627 3269 praeparatam
1654 3211 1708 3255 ab
1731 3211 1826 3269 ipso
1851 3226 1941 3255 rem
1966 3209 2288 3254 frumentariam
2315 3224 2408 3254 esse
2432 3210 2495 3267 (c.
2519 3210 2588 3252 84.
2610 3208 2705 3264 in.).

389 3281 449 3324 Et
473 3282 573 3339 quis
604 3282 739 3325 ullum
769 3296 962 3339 unquam
992 3281 1296 3339 imperatorem
1327 3280 1554 3330 crediderit
1584 3281 1626 3322 in
1653 3295 1816 3324 summo
1844 3280 2085 3323 discrimine
2108 3293 2273 3335 rerum,
2302 3279 2376 3322 ubi
2398 3278 2706 3341 decertandum

389 3358 503 3394 esset
531 3350 586 3394 de
617 3350 816 3395 universa
843 3365 917 3406 re,
947 3357 1112 3394 certum
1143 3344 1355 3407 q'uendam
1388 3350 1537 3393 castris
1568 3357 1696 3408 atque
1728 3350 1947 3393 certamini
1971 3364 2174 3407 supremo
2199 3348 2340 3392 locum
2364 3347 2565 3406 elegisse,
2590 3338 2708 3406 quod

388 3418 449 3464 ibi
478 3419 695 3465 frumenta
724 3427 868 3465 essent
891 3436 1033 3478 prope
1051 3419 1151 3478 jam
1180 3420 1385 3463 matura!
