3106 3693
1504 130 1571 181 10

518 275 633 320 Nam
662 275 815 319 eodem
843 274 986 333 capite
1015 277 1060 333 ξ»
1088 277 1113 318 3
1145 275 1255 319 haec
1280 276 1498 337 lemnus:-
2621 310 2624 317 .

465 357 740 416 Responsum
769 362 835 399 est
862 359 919 399 ab
948 355 1085 400 altera
1114 362 1238 415 parte
1269 357 1324 400 A.
1355 356 1599 403 Varronoen
1629 358 1826 418 profiteri
1866 372 1914 402 so
1950 357 2086 402 altera
2114 356 2183 402 die
2212 356 2268 402 ad
2298 357 2562 417 conoquium
2588 372 2695 405 nn-

403 416 406 418 ’
435 414 629 481 'turum‚
660 433 819 485 atque
845 440 952 470 una
980 440 1067 486 eos
1095 433 1383 486 uerumque
1412 427 1690 472 admodum
1721 435 1833 471 tuto
1860 421 1995 486 legati
2022 425 2174 472 renim
2204 433 2263 472 et
2278 435 2392 507 quae
2425 426 2588 472 vellent
2614 417 2692 474 eil

462 508 630 555 ponere
658 500 856 554 possent·
889 484 1141 552 certumque
1170 495 1210 538 ei
1238 497 1303 539 rei
1331 503 1501 554 tempus
1532 495 1815 539 constituitur.

516 587 586 629 Ita
614 588 806 639 codices;
842 586 1025 628 necdum
1062 594 1320 646 persanatus
1358 596 1424 630 est
1450 589 1571 632 locus
1600 587 1860 647 Elberlingii
1890 593 1934 629 et
1961 585 2201 647 Nipperdei
2236 587 2360 630 curis.
2421 588 2533 631 Nam
2563 588 2600 631 si
2627 589 2689 635 le-

381 654 575 714 gendum
606 671 704 699 cum
732 655 800 698 his
829 670 1066 711 censemus,
1096 665 1222 715 atque
1246 657 1423 700 eundem
1445 660 1638 700 visurum
1660 656 2023 716 quemadmodum,
2047 656 2140 715 Jam
2164 656 2384 715 quaeritur
2406 656 2493 715 quo
2515 656 2691 710 tandem

374 724 450 767 ille
478 729 677 782 tempore
707 725 877 767 visurus
906 725 980 778 sit,
1010 739 1144 782 quum
1175 725 1318 767 statim
1348 732 1513 767 certum
1543 725 1583 768 ei
1610 725 1673 777 rei
1702 731 1872 784 tempus
1902 724 2196 768 constituatur.
2254 724 2328 767 An
2358 725 2551 768 „aarum
2578 724 2689 768 dica-

375 809 472 836 mus
510 792 623 836 idem
664 793 811 836 valere
852 793 968 850 quod
1000 796 1315 851 provisurum?
1356 793 1492 847 Quasi
1522 810 1627 837 vero
1658 792 1906 837 Caesariani
1917 792 1937 847 ‚‘
1965 791 2085 835 nulla
2114 794 2313 851 pactione
2342 793 2468 847 facta,
2503 793 2606 838 fidei
2641 809 2689 837 se

376 868 523 920 atque¹
539 861 716 905 arbitrio
746 860 1093 905 adversariorum
1123 861 1388 906 committere
1416 863 1668 921 potuissent.
1727 860 1950 916 Quantum
1989 860 2189 921 equidem
2227 860 2310 905 loci
2347 861 2564 906 rationem
2591 876 2691 923 per-

373 929 524 990 spicio,
543 929 639 990 ipsa
653 929 789 974 verba
812 930 921 975 haec
935 938 1056 975 sunt:
1089 941 1133 974 et
1156 931 1400 975 convenit
1422 933 1706 990 utrimque,
1737 929 2163 992 quemadmodum
2177 938 2263 975 tuto
2279 929 2410 990 leqati
2431 932 2574 975 venire
2586 948 2689 992 poe·

373 1008 483 1051 sent,
515 1007 761 1059 certumque
790 1000 830 1043 ei
858 1001 924 1043 rei
955 1009 1115 1058 tempus
1146 1000 1427 1044 constituitur.
1487 999 1555 1044 'Re
1585 999 1639 1043 ad
1671 998 1850 1043 alteram
1880 997 1994 1043 diem
2024 998 2190 1058 prolata
2219 994 2417 1044 Vatinius
2445 1015 2533 1045 non
2555 992 2689 1046 'debo-

378 1069 455 1112 bat
484 1069 539 1112 ad
571 1068 804 1113 Caesarem
835 1069 977 1113 redire
1006 1069 1087 1112 nisi
1119 1076 1237 1113 certa
1267 1069 1465 1128 pactione
1500 1070 1614 1112 facta
1650 1074 1855 1128 certoque
1886 1068 2113 1112 constituto
2153 1074 2362 1128 tempore.
2421 1068 2480 1113 Et
2517 1076 2690 1130 pactum

373 1138 487 1181 inter
516 1145 734 1197 utrosque,
762 1144 812 1181 ut
824 1137 995 1194 assolet,
1026 1138 1079 1181 de
1111 1145 1373 1182 armatorum
1387 1152 1482 1182 esse
1513 1152 1703 1192 numeru,
1734 1152 1842 1196 quos
1867 1136 2079 1180 adducere
2102 1151 2246 1180 secum
2271 1149 2541 1198 quorumque
2564 1153 2689 1199 prae-

374 1206 484 1250 sidio
529 1207 609 1250 tuti
647 1206 782 1266 legati
811 1206 959 1250 venire
989 1215 1186 1266 possent,
1216 1222 1271 1250 ex
1301 1208 1392 1266 ipsa
1420 1207 1666 1250 narratione
1697 1206 1975 1250 concluditur.
2023 1205 2136 1248 Nam
2167 1207 2279 1249 infra
2308 1207 2363 1251 de
2393 1207 2606 1266 colloquio
2636 1223 2688 1251 eo

375 1275 513 1320 altero
543 1275 888 1320 adversariorum
917 1276 1101 1335 perfidia
1130 1276 1369 1336 interrupto
1408 1276 1589 1321 relatum
1619 1276 1820 1335 legimus:
1851 1268 1986 1320 subito
2015 1275 2205 1335 undique
2234 1275 2317 1320 tela
2347 1277 2549 1328 immissa,
2580 1294 2690 1335 quae

375 1344 451 1388 ille
481 1345 740 1401 (Vatinius)
771 1345 1010 1389 obtectus
1040 1349 1206 1390 armis
1235 1346 1461 1390 militum
1489 1348 1651 1390 vitavit.
2409 1360 2414 1364 ·

1260 1463 1371 1513 Lib.
1410 1463 1505 1512 111.
1543 1479 1584 1512 c.
1625 1464 1711 1526 19,
1752 1466 1799 1511 5.

462 1561 562 1616 Qua
592 1577 649 1606 ex
677 1561 920 1621 frequentia
950 1561 1072 1606 Titus
1102 1560 1321 1606 Labienus
1351 1562 1514 1622 prodit3
1551 1562 1774 1606 summissa
1805 1560 1999 1606 oratione
2028 1560 2146 1620 loqui
2176 1560 2230 1606 de
2259 1577 2366 1622 pace
2395 1570 2524 1622 atque
2558 1563 2683 1608 alter-

462 1630 549 1674 cari
580 1647 676 1674 cum
708 1630 881 1675 Vatinio
913 1631 1072 1691 incipit.
1134 1631 1330 1686 Quorum
1369 1631 1552 1676 mediam
1594 1631 1830 1675 orationem
1866 1630 2183 1690 interrumpunt
2212 1630 2351 1675 subito
2379 1632 2568 1691 undique
2598 1632 2685 1677 tela

458 1699 657 1743 immissa.

514 1780 752 1840 Terpstrae
793 1783 1107 1839 conjecturam:
1149 1783 1226 1825 sed
1262 1785 1393 1825 missa
1434 1784 1625 1825 oratione
1662 1783 1713 1824 de
1736 1797 1849 1839 pace
1879 1782 1995 1839 loqui
2024 1790 2149 1839 atque
2187 1782 2260 1824 alt.
2292 1784 2444 1839 incipit
2483 1796 2566 1840 ego
2597 1797 2685 1826 non

374 1864 554 1909 possum
592 1865 689 1893 cum
720 1848 971 1894 Hofmanno
1011 1849 1211 1909 probare.
1287 1850 1397 1894 Nam
1434 1850 1706 1910 transpositio
1742 1850 1914 1909 quidem
1954 1849 2187 1894 verborum
2223 1848 2514 1895 defensionem
2555 1850 2687 1896 habet

375 1917 561 1974 nullam,
593 1917 695 1976 quia
724 1918 906 1963 varietas
937 1917 1149 1977 ejusmodi
1179 1933 1265 1962 non
1297 1927 1360 1963 est
1388 1919 1432 1962 in
1462 1934 1560 1963 mss.
1591 1925 1697 1978 optt-
1757 1918 1887 1964 Solus
1918 1924 2061 1963 autem
2092 1917 2185 1962 cod.
2214 1916 2395 1978 Lovan„
2425 1932 2555 1978 quem
2584 1918 2687 1964 citat

375 1985 734 2046 Oudendorpius‚
764 2001 884 2030 suam
915 1987 1163 2031 lectionem:
1193 1990 1419 2032 summissa
1449 1990 1638 2032 oratione
1667 1988 1719 2032 de
1739 2003 1854 2046 pace
1882 1986 2089 2031 altercari
2116 1988 2270 2046 incipit
2296 1986 2408 2032 tueri
2438 1994 2587 2032 contra
2616 2002 2684 2033 ce·

370 2063 564 2099 tororum
595 2055 804 2099 librorum
832 2057 1143 2100 auctoritatem.
1160 2072 1246 2100 non
1277 2056 1403 2100 valet.
1463 2056 1635 2099 Deinde
1664 2071 1750 2098 non
1781 2058 1954 2099 missam
1994 2056 2048 2100 de
2087 2070 2195 2116 pace
2233 2055 2308 2099 sed
2337 2058 2549 2116 inceptam
2588 2072 2684 2101 esse

368 2125 628 2180 orationem,
657 2126 753 2184 ipsa
782 2140 852 2169 res
882 2125 1027 2179 docet,
1068 2140 1164 2169 cum
1201 2126 1483 2185 interruptam
1518 2126 1712 2183 legamus
1748 2127 1933 2169 mediam
1962 2126 2212 2169 orationem.
2272 2125 2474 2185 Denique
2502 2127 2684 2171 verbum

369 2193 497 2253 loqui,
526 2193 643 2252 quod
659 2191 924 2253 colloquendi
938 2201 1195 2253 potestatem
1226 2210 1314 2238 non
1344 2196 1486 2250 habet,
1509 2194 1695 2252 ¹offendit
1724 2210 1776 2238 eo
1805 2195 1900 2238 loco
1931 2203 2019 2238 tam
2048 2194 2163 2238 nude
2187 2195 2373 2253 positum
2397 2210 2540 2254 neque
2565 2195 2683 2240 aliud

368 2278 497 2322 quam
526 2278 706 2322 prorsus
736 2263 920 2322 languet
950 2264 1042 2308 sine
1072 2280 1151 2307 suo
1182 2265 1348 2323 objecto
1375 2265 1573 2323 junctum
1604 2264 1862 2323 praegnanti
1892 2264 2025 2308 verbo
2049 2263 2301 2308 altercandi.
2328 2294 2379 2300 —
2412 2265 2468 2308 In
2492 2272 2681 2310 mentem

367 2332 506 2376 venit:
539 2334 763 2376 commissa
792 2334 986 2376 oratione
1015 2333 1289 2378 scribendum
1318 2349 1425 2388 esse,
1455 2341 1503 2376 ut
1531 2335 1701 2377 initium
1731 2333 1934 2377 orationis
1962 2333 2124 2377 factum
2147 2333 2374 2389 referatur,
2404 2350 2514 2392 quae
2538 2335 2682 2379 media

368 2400 507 2445 subito
548 2400 888 2460 interrumpitur.
966 2401 1198 2458 Insidiose‚
1257 2402 1329 2446 ubi
1369 2402 1555 2461 primum
1598 2401 1780 2461 ingressi
1829 2408 1929 2446 sunt
1973 2401 2233 2457 orationem,
2279 2401 2427 2462 incipit
2465 2402 2679 2448 Labienus

366 2469 484 2527 loqui
505 2468 559 2514 de
589 2484 712 2528 pace,
742 2486 844 2515 mox
875 2470 932 2515 ab
962 2470 1155 2516 oratione
1184 2471 1441 2516 transiturus
1472 2470 1523 2515 ad
1554 2471 1876 2516 altercationem
1907 2486 1958 2515 ac
1987 2470 2076 2515 tela
2103 2478 2375 2530 praeparata.
2429 2471 2559 2518 Certe
2584 2489 2681 2518 cum

367 2537 485 2597 apud
520 2537 724 2583 Ovidium
755 2540 810 2582 sit
839 2539 969 2597 (Met.
999 2539 1087 2595 VI,
1117 2542 1226 2595 448)
1258 2541 1436 2584 deoetera
1464 2540 1642 2584 deaetrae
1659 2541 1890 2599 junyitur,
1922 2548 1961 2583 et
1976 2540 2131 2598 fausto
2160 2542 2510 2585 committitur
2543 2543 2682 2586 emim

365 2621 535 2649 sermo
567 2632 624 2637 —
654 2621 742 2649 non
772 2622 855 2665 ego
884 2610 1136 2665 negaverim
1165 2610 1355 2667 potuisse
1387 2615 1430 2651 et
1455 2609 1689 2651 Caesarem
1713 2610 1921 2652 scribere:
1952 2611 2174 2651 conmissa
2197 2612 2397 2659 oratione,
2427 2610 2677 2668 praesertim

365 2688 464 2717 cum
506 2674 728 2717 Labienus
766 2690 814 2717 ro
852 2691 958 2718 vera
988 2678 1204 2733 proelium
1240 2694 1340 2720 voce
1376 2679 1625 2719 committere
1661 2677 1790 2733 (Met.
1822 2677 1888 2730 V,
1929 2679 2042 2733 307)
2083 2678 2109 2719 i.
2147 2692 2184 2720 e.
2225 2678 2422 2721 altercari
2460 2679 2539 2719 sibi
2575 2695 2676 2736 pro-

364 2745 589 2800 posuisset.

1253 2839 1365 2888 Lib.
1404 2839 1498 2887 111.
1537 2856 1577 2888 ο.
1617 2841 1706 2901 22,
1747 2842 1792 2886 2.

451 2951 585 3009 Apud
616 2965 721 3009 quos
752 2965 848 2995 cum
878 2951 1092 3009 proficere
1122 2952 1228 2995 nihil
1267 2958 1426 3010 posset,
1457 2952 1706 3009 quibusdam
1737 2952 1884 2996 solutis
1915 2952 2142 3009 ergastulis
2167 2951 2323 2997 Cosam
2353 2953 2397 2995 in
2428 2966 2535 3011 agro
2560 2953 2679 2997 Thu-

452 3020 547 3062 rino
579 3035 836 3079 oppugnare
867 3021 1022 3080 coepit.
1083 3020 1149 3063 Εο
1180 3037 1274 3064 eum
1304 3038 1332 3063 α
1367 3020 1415 3072 Q.
1447 3020 1580 3063 Pedio
1604 3030 1807 3079 praetore
1836 3037 1932 3064 cum
1960 3020 2121 3079 Zeqione
2151 3054 2160 3062 .
2191 3055 2201 3064 .
2234 3053 2244 3063 .
2276 3053 2286 3063 .
2317 3022 2461 3080 lapide
2483 3022 2590 3064 ictus
2621 3036 2677 3065 ex

450 3103 574 3131 muro
604 3089 745 3147 periit.

502 3167 854 3213 Editiones‘inde
883 3185 909 3213 a
934 3168 1183 3227 Scaligero‚
1214 3169 1334 3226 cujus
1364 3176 1645 3227 praeceptum
1676 3170 1926 3224 observant,
1964 3183 2112 3214 omnes
2141 3175 2292 3214 notant
2319 3170 2529 3214 lacunam.
2591 3169 2676 3215 Co·

361 3236 504 3281 dicum
535 3243 678 3282 autem
707 3238 934 3283 meliorum
964 3239 1022 3295 (a
1052 3238 1080 3283 b
1111 3252 1135 3282 c
1165 3238 1194 3281 d
1224 3239 1274 3296 e)
1305 3237 1468 3283 nullam
1497 3238 1788 3299 Nipperdeius
1827 3238 1987 3284 indicat
2024 3239 2287 3284 varietatem.
2346 3238 2492 3283 Habet
2531 3244 2674 3286 tamen

360 3305 523 3361 Haun.‚
554 3313 603 3350 ut
632 3305 927 3365 Elberlingius
957 3307 1096 3362 docet,
1126 3321 1214 3350 non
1245 3323 1274 3350 a
1302 3307 1379 3351 sed
1409 3307 1452 3349 A
1480 3307 1528 3358 Q.
1554 3308 1701 3352 Pedio.
1754 3307 1812 3351 Et
1840 3308 1884 3351 in
1913 3308 2059 3352 libello
2089 3307 2305 3351 variarum
2334 3308 2564 3352 lectionum
2587 3308 2676 3353 edi·

360 3375 466 3419 tioni
496 3376 727 3421 Plautinae
758 3378 929 3435 (1575)
961 3377 1106 3421 addito
1137 3376 1329 3435 Gryphii
1370 3376 1526 3421 librum
1557 3393 1612 3421 ex
1641 3384 1811 3422 vetusto
1847 3377 2077 3422 admodum
2108 3377 2344 3436 exemplari
2373 3393 2578 3423 excusum
2607 3394 2675 3424 re-

359 3445 484 3505 perio
516 3444 762 3492 exhibuisse
792 3446 888 3492 ubi
918 3461 1031 3501 cum5
1060 3445 1325 3492 adsentiente
1356 3446 1466 3491 libro
1498 3446 1728 3492 Parisiensi
1756 3446 1936 3492 Roberti
1960 3445 2185 3506 Stephani.
2233 3445 2362 3502 Quod
2390 3447 2503 3494 idem
2527 3453 2675 3495 extare
