3106 3693
21 3545 42 3566 t

1169 261 1766 344 ‘Libmnossr

448 395 647 466 Atque
631 422 679 454 ιιι
709 406 857 453 castris
883 405 1083 452 Curionis
1112 421 1295 466 magnus
1325 421 1511 450 omnmm
1538 404 1712 449 incessit
1738 404 1888 448 timor.
1916 420 2022 448 nam
2041 405 2078 449 is
2101 406 2230 451 variis
2253 406 2475 452 hominum
2502 421 2667 453 sermo-

444 476 572 543 nibus
604 466 809 530 celeriter
846 480 1045 538 augetur.
1104 472 1412 534 Unusquisque
1448 474 1561 519 enim
1597 473 1821 533 opiniones
1856 473 2052 533 fingebat
2087 483 2131 520 et
2161 476 2218 521 ad
2246 476 2310 532 id,
2354 475 2471 536 quod
2500 477 2557 522 ab
2585 477 2671 523 alio

444 527 671 613 andierat,
701 543 768 592 sui
808 539 971 602 aliquid
1009 541 1173 587 timoris
1209 539 1410 586 addebat.
1469 540 1568 589 Hoc
1603 542 1677 586 ubi
1711 556 1799 586 uno
1834 549 2009 589 auctore
2045 544 2100 588 ad
2137 545 2284 604 plures
2322 551 2670 605 permanaverat,

447 620 577 673 atque
608 610 736 657 alius
746 611 820 656 alii
848 610 1104 666 tradiderat,
1134 609 1286 670 plures
1315 617 1512 654 auctores
1542 610 1633 654 eius
1661 611 1726 654 rei
1753 611 2021 656 videbantur.

496 705 582 749 His
608 703 791 749 describi
827 688 1043 763 quomodo
1080 710 1262 747 auctus
1298 702 1370 745 sit
1404 702 1530 746 timor
1558 703 1603 745 in
1634 703 1782 746 castris
1813 702 2035 760 Curionis,
2071 708 2340 751 manifestum
2369 715 2457 763 est3
2497 722 2583 767 qua
2611 708 2667 752 de

359 789 489 820 causa
525 781 601 819 aut
635 773 849 834 quomodo
884 773 1162 817 incesserit
1192 772 1363 827 animis,
1398 786 1485 815 non
1516 771 1846 816 demonstratur.
1906 771 2120 817 Obortum
2149 775 2347 821 timorem
2375 791 2457 821 nec
2484 791 2668 836 parvum

359 859 459 888 eum
488 844 662 903 quidem
691 843 921 901 unicuique
948 843 1049 887 licet
1078 857 1355 901 praesumere
1387 857 1443 886 ex
1472 842 1522 884 iis
1551 857 1662 900 quae
1692 842 1746 885 de
1776 842 2066 886 taciturnitate
2096 844 2277 888 militum
2299 844 2533 902 ¹Curionis,
2572 860 2667 888 cum

360 929 387 956 a
415 912 624 966 Quintilio
663 912 717 955 ad
753 911 1040 955 defectionem
1075 911 1401 969 pellicerentur,
1442 911 1639 969 proximo
1669 911 1814 969 priore
1845 911 1984 970 capite
2014 920 2415 958 commemorantur.
2475 913 2567 958 Sed
2595 914 2672 972 qui

358 981 534 1025 tandem
572 982 655 1024 sint
688 981 771 1034 illi,
811 981 885 1039 qui
922 980 1069 1024 timere
1106 979 1328 1034 dicuntur,
1367 979 1670 1039 quaerendum.
1732 979 1909 1035 Milites,
1940 997 2036 1024 cum
2065 982 2109 1023 in
2140 998 2269 1026 causa
2298 983 2386 1026 sint
2413 999 2564 1027 eorum
2594 992 2671 1026 aut

360 1050 475 1094 facta
508 1058 581 1094 aut
616 1050 770 1104 verba,
808 1064 894 1107 quo
932 1049 1070 1107 magis
1105 1049 1233 1092 timor
1271 1056 1503 1107 augeatur,
1540 1049 1619 1107 ipsi
1657 1063 1744 1093 non
1782 1049 1930 1093 timent
1966 1050 2043 1093 sed
2072 1051 2286 1094 timentur.
2346 1051 2447 1095 Non
2478 1051 2668 1095 emnium

357 1119 510 1179 iffl'tur,
547 1119 623 1163 sed
661 1134 810 1162 eorum
844 1118 918 1177 qui
954 1118 998 1161 in
1029 1118 1252 1162 consilium
1284 1117 1539 1162 adhibentur
1569 1117 1708 1176 (quod
1736 1116 1954 1162 dimissum
1986 1118 2169 1178 legimus
2199 1136 2234 1162 e.
2262 1121 2336 1175 32,
2371 1121 2438 1179 1),
2477 1120 2669 1165 tribuno·

358 1206 455 1234 rum
485 1189 580 1234 dico
610 1195 739 1248 atque
770 1188 1066 1233 centurionum
1097 1195 1161 1233 est
1189 1188 1336 1243 timor,
1371 1187 1627 1246 incessitque
1656 1204 1806 1233 eorum
1836 1188 1986 1232 animis
2016 1190 2255 1234 necessario
2286 1206 2338 1234 eo
2373 1189 2467 1250 ipso
2503 1197 2667 1250 puncto

358 1259 585 1320 temporis,
625 1274 758 1318 quum
787 1258 941 1303 milites
970 1274 1069 1303 suos
1100 1258 1282 1302 faustam
1304 1256 1491 1303 Curioni
1515 1258 1867 1317 significationem
1897 1258 2061 1303 nullam
2090 1259 2232 1304 facere
2263 1259 2663 1305 animadverterent.

359 1329 508 1386 Quare
538 1344 808 1388 nequaquam
838 1329 883 1372 in
914 1329 1060 1372 castris
1090 1327 1260 1373 demum
1289 1330 1504 1372 incessisse
1532 1328 1607 1372 sed
1637 1345 1818 1388 maynus
1852 1328 2073 1373 incessisse
2109 1328 2263 1373 dieitur
2298 1333 2435 1373 timor.
2495 1329 2664 1385 Quibus

358 1399 530 1459 quidem
560 1399 702 1445 verbis
731 1414 864 1458 quum
893 1399 939 1442 in
967 1398 1182 1443 sententia
1211 1413 1321 1457 quae
1351 1397 1574 1456 subjicitur
1601 1398 1912 1460 respondeant:
1944 1416 2046 1442 nam
2075 1401 2112 1442 is
2142 1409 2345 1459 auqetur,
2374 1399 2500 1445 facile
2529 1400 2667 1460 suspi-

359 1469 467 1514 ceris
495 1468 747 1513 adverbium
775 1483 949 1528 quoquc
980 1468 1168 1512 celeriter
1197 1476 1322 1511 suum
1352 1468 1550 1512 habuisse
1579 1482 1914 1527 praecursorem.
1971 1468 2059 1512 Pro
2089 1471 2293 1521 omnium,
2324 1484 2432 1528 quos
2455 1469 2549 1528 ipsa
2570 1484 2667 1513 sen-

358 1540 493 1584 tentia
532 1539 678 1583 limine
713 1538 818 1598 pelli
853 1538 1258 1594 demonstravimus,
1295 1537 1639 1582 rescribendum:
1677 1537 1827 1582 subito.
1888 1536 1963 1583 Sic
2002 1537 2173 1582 demum
2210 1539 2370 1598 optime
2399 1538 2507 1583 adeo
2536 1538 2666 1583 habet

359 1609 569 1668 particula
604 1625 725 1661 nam,
766 1608 927 1652 addens
967 1608 1081 1652 unde
1119 1608 1193 1667 qui
1232 1623 1412 1666 maynus
1450 1608 1584 1652 subito
1620 1608 1790 1651 incessit
1829 1607 2020 1662 celeriter
2056 1617 2206 1652 auctus
2242 1609 2296 1651 sit
2332 1608 2384 1666 (i.
2414 1624 2451 1652 e.
2481 1623 2666 1667 magnus

358 1678 498 1722 subito
528 1677 740 1734 extiterit)
772 1677 920 1732 timor,
950 1678 1080 1720 variis
1110 1693 1189 1732 sc.‚
1220 1684 1267 1721 ut
1296 1679 1386 1721 fere
1415 1677 1508 1720 fieri
1537 1677 1663 1730 solet,
1694 1676 1915 1720 hominum
1946 1678 2225 1720 sermonibus.
2272 1677 2372 1730 Qua
2400 1677 2441 1720 id
2464 1678 2664 1721 ratione?

361 1747 598 1805 Sequentia
634 1745 799 1790 docent.
860 1746 1007 1789 Fictae
1045 1746 1287 1804 opiniones,
1329 1745 1526 1790 addendo
1564 1752 1730 1799 auctae,
1773 1745 2137 1790 confirmabantur
2172 1746 2296 1790 etiam
2334 1746 2548 1805 pluribus,
2590 1747 2664 1804 qui

359 1818 615 1860 videbantur
657 1832 771 1870 esse,
816 1817 1071 1860 auctoribus.
1125 1816 1338 1859 Nimirum
1377 1832 1487 1873 quae
1526 1816 1668 1874 plures
1709 1816 1791 1874 ipsi
1831 1816 1900 1859 vel
1942 1816 2191 1860 observasse
2231 1816 2299 1859 vel
2339 1815 2505 1860 audisse
2546 1816 2664 1860 vide-

358 1894 511 1930 rentur
547 1885 601 1929 de
637 1893 836 1944 suspecta
872 1886 1054 1929 militum
1089 1885 1331 1939 voluntate,
1371 1900 1424 1929 ea
1453 1886 1546 1942 jam
1583 1884 1867 1928 credebantur
1903 1885 2134 1929 certissima
2170 1901 2273 1929 esse.
2335 1885 2477 1939 Qua-m
2513 1886 2557 1929 in
2597 1886 2664 1929 his

320 2005 323 2008 ,
359 1954 662 2015 proposuimus
693 1948 1053 2009 emendationem,
1090 1954 1260 1998 videtur
1296 1969 1348 1998 ea
1385 1953 1557 2012 quidem
1589 1954 1704 2011 justo
1743 1954 1966 2008 audaci0r3
2004 1954 2080 1998 sed
2116 1968 2252 2012 ponas
2292 1955 2497 2013 scriptum
2535 1954 2666 1999 fuisse

360 2023 767 2084 magnuSubito,
796 2031 839 2069 et
875 2040 955 2083 per
992 2023 1291 2083 compendium
1320 2040 1501 2082 maynus
1530 2025 1599 2068 vito
1629 2023 1742 2081 quod
1769 2039 1851 2083 pro
1881 2027 1955 2069 οἷα
1984 2042 2042 2066 =
2070 2025 2254 2069 omnium
2283 2038 2512 2082 perperam
2542 2024 2665 2069 intel·

363 2095 520 2140 lectum
551 2110 577 2138 a
607 2093 781 2138 librario
811 2101 893 2149 est,
924 2094 991 2138 cui
1021 2101 1263 2138 nostrorum
1294 2094 1502 2138 librorum
1531 2093 1753 2138 lectionem
1783 2093 2002 2139 debemus.

498 2164 565 2207 Ac
602 2163 695 2221 jam
736 2163 1038 2222 aggrediamur
1077 2163 1218 2207 locum
1259 2163 1322 2221 (ξ.
1358 2164 1410 2220 2)
1448 2177 1585 2221 paene
1625 2162 1915 2221 desperatum,
1958 2163 2003 2205 in
2043 2176 2128 2220 quo
2159 2177 2253 2205 cum
2286 2163 2408 2206 multi
2441 2163 2522 2205 viri
2553 2162 2666 2207 docti

358 2246 516 2291 parum
545 2231 685 2275 adhuc
714 2232 896 2276 feliciter
925 2232 1248 2287 desudaverint,
1277 2239 1467 2275 nostram
1497 2246 1665 2291 quoque
1695 2232 2038 2290 qualemcunque
2068 2245 2246 2289 operam
2271 2245 2421 2275 eorum
2446 2232 2664 2275 laboribus

359 2301 659 2359 adjungamus.
719 2302 865 2360 Atque
896 2302 1131 2346 tenendum
1159 2309 1258 2345 ante
1289 2301 1433 2346 omnia
1462 2308 1505 2345 et
1533 2316 1613 2360 pro
1643 2301 1875 2345 certissimo
1905 2301 2170 2356 habendum,
2200 2301 2308 2344 nihil
2336 2302 2396 2345 ibi
2426 2302 2506 2344 nisi
2535 2301 2665 2345 collo-

359 2370 461 2428 quia
499 2370 782 2415 dubitationes
817 2371 1120 2416 haesitationes
1162 2371 1430 2415 tribunorum
1471 2386 1522 2414 ac
1564 2370 1856 2414 centurionum
1898 2371 2069 2426 referri,
2111 2378 2185 2415 aut
2225 2371 2378 2414 saltem
2418 2371 2661 2430 significari.

359 2438 461 2493 Qua
483 2438 538 2484 de
563 2453 691 2484 causa
714 2438 964 2497 probandae
987 2455 1076 2484 non
1100 2447 1199 2485 sunt
1222 2455 1300 2485 eae
1325 2440 1617 2497 conjecturae,
1647 2453 1756 2497 quac
1780 2439 1960 2483 verbum
1985 2439 2178 2497 aliquod,
2203 2447 2251 2484 ut
2274 2449 2387 2492 erat,
2418 2447 2517 2484 ante
2541 2439 2664 2484 civile

362 2509 515 2553 bellum
552 2510 745 2568 suppleri
782 2517 856 2553 aut
893 2510 1020 2554 etiam
1052 2510 1184 2568 recipi
1208 2511 1377 2567 jubent.
1437 2510 1659 2567 Ejusmodi
1689 2516 1942 2568 argumenta
1972 2509 2150 2564 directa,
2193 2525 2322 2567 quam
2351 2517 2526 2564 vocant,
2567 2524 2662 2553 ora-

360 2578 477 2624 tione
507 2578 733 2635 exhibere,
770 2578 949 2625 Caesari
976 2593 1063 2624 non
1093 2580 1305 2625 insuetum
1343 2580 1419 2637 (cf.
1443 2594 1575 2639 supra
1599 2580 1641 2635 I,
1672 2582 1717 2635 7,
1748 2583 1786 2622 5.
1828 2578 2025 2634 Quarum
2053 2593 2198 2623 rerum
2228 2578 2301 2622 illo
2332 2586 2526 2638 tempore
2554 2578 2661 2622 nihil

358 2648 540 2703 factum3
573 2648 691 2692 nulla
713 2649 786 2693 lex
810 2649 1084 2708 promulgata
1105 2663 1142 2693 e.
1168 2664 1210 2708 q.
1233 2664 1266 2692 s.
1275 2650 1305 2706 ).
1358 2648 1592 2693 Descendit
1614 2655 1754 2692 autem
1777 2648 1913 2691 oratio
1937 2648 2057 2707 quasi
2079 2648 2195 2690 scala
2224 2647 2408 2706 quadam
2437 2648 2579 2706 posita
2606 2648 2664 2691 ab

360 2731 490 2760 causa
518 2718 682 2761 timoris
717 2718 888 2776 longius
923 2718 1106 2777 repetita
1139 2718 1195 2761 ad
1208 2732 1346 2773 eam,
1386 2733 1496 2777 quae
1525 2718 1716 2777 proxime
1745 2724 1895 2775 urget,
1936 2725 2139 2775 quattuor
2173 2716 2239 2758 his
2273 2716 2503 2774 gradibus:
2544 2716 2664 2759 eivila

359 2784 531 2840 bellam,
563 2814 618 2821 —-
645 2802 779 2847 qenus
808 2787 1042 2840 homimem,
1074 2787 1339 2847 ῑεςῙί-οπεε
1370 2803 1462 2840 eae,
1504 2803 1612 2848 qaae
1633 2786 1767 2845 paulo
1802 2795 1900 2829 ante
1929 2786 2050 2844 apud
2078 2785 2350 2828 adversarios
2365 2788 2574 2842 fier-ant,
2609 2811 2663 2819 ——

358 2857 598 2915 ηηωιοοίρία
626 2858 753 2900 etiam
782 2857 963 2901 diversis
984 2858 1189 2917 partibus
1222 2858 1458 2917 conjuncta.
1517 2857 1572 2900 Id
1594 2858 1684 2915 jam
1713 2855 1818 2898 vidit
1846 2855 1892 2899 J.
1916 2855 2098 2910 Miiller,
2128 2856 2250 2913 cujus
2279 2862 2425 2899 tamen
2454 2870 2540 2899 nce
2565 2855 2664 2900 reli·

359 2941 472 2984 quae
509 2926 826 2972 observationes
864 2928 1060 2988 omnibus
1097 2928 1225 2972 rebus
1263 2928 1507 2972 satisfacere
1541 2943 1622 2971 nec
1658 2925 1893 2970 emendatio
1931 2925 2054 2969 loci
2041 2941 2136 2984 ipsa
2164 2924 2362 2983 quamvis
2390 2925 2664 2984 sagacissime

359 2993 543 3049 inventa
565 3011 712 3040 omnes
742 2996 1013 3041 difficultates
1043 2997 1249 3057 expedire
1280 2996 1463 3044 videtur.
1524 2995 1615 3041 Sed
1642 2995 1820 3054 longum
1849 3001 1914 3038 est
1942 2994 1996 3037 de
2026 2994 2109 3037 hoc
2136 2994 2408 3053 potissimum
2434 2994 2531 3039 loco
2560 2995 2663 3038 alio·

358 3080 464 3112 rum.
485 3065 683 3110 refellere
712 3067 971 3123 sententian
1000 3067 1145 3126 itaque
1176 3083 1293 3112 meas
1315 3083 1496 3127 pergam
1521 3080 1737 3124 exponere
1760 3062 2011 3108 emendandi
2034 3063 2120 3108 loci
2141 3064 2333 3109 rationes
2356 3081 2487 3123 quam
2509 3072 2663 3124 potero

360 3133 623 3180 brevissime.
683 3135 900 3191 Quattuor
932 3136 1023 3181 istis
1058 3128 1302 3193 sententiis,
1340 3137 1383 3179 in
1421 3135 1572 3196 quibus
1607 3132 1735 3179 cardo
1772 3134 1900 3178 totius
1937 3132 2021 3178 loci
2048 3133 2251 3191 vertitur,
2288 3134 2537 3179 intermixta
2564 3139 2665 3179 sunt

360 3217 476 3263 quae.
500 3204 571 3250 vel
599 3220 626 3249 a
655 3205 845 3251 Caesare
875 3206 1019 3251 addita
1046 3207 1118 3251 vel
1147 3221 1203 3252 ex
1232 3220 1361 3251 sensu
1390 3205 1683 3251 centurionum
1712 3204 1885 3248 valeant
1916 3203 1971 3247 ad
2001 3203 2303 3263 explicandam
2338 3219 2483 3250 rerum
2520 3203 2663 3264 gravi-

359 3279 504 3319 tatem.
1433 3285 1439 3289 ’

380 3371 383 3374 ,
2182 3348 2201 3385 1
2221 3345 2244 3368 ια

2155 3413 2305 3443 ‹—
