3106 3693
1499 85 1511 99 ·
1549 76 1582 123 5

385 227 745 274 ,mutaturum
773 235 872 267 cnm
899 236 1047 282 aqum
1077 229 1125 267 ut
1152 236 1255 267 mox
1283 222 1491 269 amali·
1520 237 1643 284 esque
1670 222 2717 285 ummtincmilimque.Quodin1-oliquis

411 288 717 350 reponendum
737 290 889 350 putavi
917 301 1043 336 erant
1059 289 1174 337 inter
1194 287 1394 337 nonnulli
1410 306 1634 352 pactores
1657 298 1701 336 et
1721 306 1930 336 sermones
1953 292 2151 345 naum,
2180 294 2225 337 id
2250 294 2430 338 verbum
2452 294 2556 338 mihi
2577 293 2716 338 latere

412 356 968 419 Manthyrea-'orm
999 366 1339 433 quaeestoptt.
1369 360 1494 406 codd.
1525 360 1941 424 (abee)lectio;
1984 361 2717 409 etnecessariumsententiaead-

412 427 606 481 sancitu
642 428 1013 489 complementum.
1073 428 1303 475 Ceterum
1313 442 1402 475 non
1438 429 1596 475 vereor
1623 443 1680 474 ne
1709 430 1804 488 quis
1834 443 1914 473 nos
1944 442 2111 474 errasse
2139 438 2345 490 coarguat
2371 431 2416 475 in
2446 431 2716 475 distinctione

412 496 563 544 trium
582 496 736 544 borum
776 498 981 545 orationis
1017 494 1330 544 membrorum.
1370 498 1571 545 nonnulli
1610 527 1660 534 -
1701 508 1845 553 aaran
1884 497 2009 543 dubii
2044 527 2092 533 -
2132 499 2477 558 accipiebantur,-
2520 497 2718 543 mmai

412 568 566 611 etiam
598 594 651 603 --
671 565 960 631 finqebantur.
1019 566 1131 613 Cum
1159 567 1356 612 nonnulli
1383 583 1604 614 sermones
1632 567 1813 613 militum
1843 568 2041 613 dicantur
2068 568 2198 629 fingi,
2227 569 2321 614 sine
2350 567 2482 613 dubio
2510 566 2582 611 alii
2611 581 2718 611 non-

411 635 521 681 nulli
546 636 727 696 putandi
755 643 856 686 sunt
882 636 975 680 veri
1003 651 1089 681 seu
1107 638 1328 695 graviores
1357 652 1474 692 esse;
1500 639 1630 699 quod
1658 646 1801 683 autem
1829 639 1941 682 inter
1969 639 2115 682 fictum
2145 646 2189 683 et
2226 653 2377 683 verum
2412 637 2600 681 medium
2636 643 2717 691 est,

411 704 456 749 id
490 704 596 751 vvero
631 700 808 751 dubium
844 687 1102 765 appellatur.
1161 703 1222 749 Hi
1256 704 1395 781 igitur
1424 712 1515 751 tum
1549 707 1795 766 graviores,
1834 714 1926 752 tum
1963 706 2099 764 dubii,
2137 714 2228 752 tum
2258 707 2387 753 etiam
2415 705 2503 751 ficti
2532 704 2715 752 militum

411 772 630 819 sermones
658 780 936 819 recensentur
965 779 1170 832 tanquam
1195 789 1349 817 causae
1372 774 1535 817 timoris
1560 775 1604 817 in
1627 776 1774 818 castris
1801 775 2000 819 Curionis
2023 776 2217 820 celeriter
2240 776 2374 831 aucti3
2405 790 2518 834 quae
2540 775 2715 834 quidem

412 858 567 887 causae
596 841 825 901 diligenter
854 841 1181 901 distinguendae
1210 849 1310 886 sunt
1337 842 1392 886 ab
1421 842 1798 902 significationibus
1827 843 1989 887 timoris
2019 844 2146 887 modo
2176 845 2397 908 enarratis.

1312 982 1814 1048 Lib.H..e443

499 1095 602 1154 Ipse
640 1110 751 1153 equo
788 1094 833 1137 in
870 1093 1075 1153 oppidum
1111 1100 1259 1139 vectus
1294 1095 1650 1154 prosequentibus
1688 1095 1976 1176 compluribus
2014 1096 2300 1151 senatoribus,
2337 1110 2423 1154 quo
2458 1094 2503 1136 in
2533 1107 2714 1137 numero

498 1172 590 1209 erat
620 1164 717 1210 Ser.
743 1163 959 1224 Sulpicius
996 1170 1039 1208 et
1068 1163 1257 1207 Licinius
1287 1164 1599 1225 Damasippus,
1624 1166 1801 1224 paucis,
1843 1180 1953 1225 quae
1988 1166 2081 1210 fieri
2116 1166 2264 1221 vellet,
2306 1164 2459 1209 Uticae
2499 1162 2717 1206 constituit

493 1240 622 1292 atque
652 1234 879 1291 imperavit
910 1233 1145 1292 diebusque
1175 1241 1272 1292 post
1301 1234 1448 1292 paucis
1480 1248 1526 1278 se
1556 1234 1600 1276 in
1631 1249 1814 1292 regnum
1844 1249 1940 1278 cum
1971 1236 2164 1278 omnibus
2195 1236 2325 1293 copiis
2355 1234 2531 1292 recepit.

549 1324 829 1369 Demonstrat
843 1324 1128 1393 Hofmannus‚
1150 1324 1388 1386 Nipperdei
1409 1325 1615 1370 rationem
1637 1332 1818 1384 secutus,
1842 1326 2086 1387 superbiam
2105 1326 2247 1372 Jubae
2269 1327 2603 1382 subaccusatam,
2628 1339 2716 1385 qua

402 1398 563 1457 paucio
590 1396 664 1440 ille
692 1396 719 1438 i.
750 1409 786 1439 e.
819 1395 998 1439 breviter
1027 1390 1311 1441 constituisset
1340 1411 1453 1456 quae
1481 1397 1575 1442 fieri
1605 1397 1747 1442 vellet.
1807 1396 1989 1442 Codices
2020 1404 2179 1453 autem,
2210 1409 2468 1456 quamquam
2495 1394 2716 1451 mendose,

411 1473 656 1512 constanter
685 1479 832 1510 omnes
862 1465 1091 1509 exhibent.
1113 1469 1274 1524 paucis
1304 1467 1461 1511 diebus.
1513 1466 1570 1510 In
1601 1468 1751 1526 quibus
1782 1474 1830 1511 ut
1860 1467 2110 1511 oblitescere
2141 1483 2167 1509 a
2196 1475 2342 1510 nostro
2371 1473 2550 1526 aspectu
2572 1465 2719 1509 existi-

409 1550 573 1581 memus
607 1535 853 1595 graviorem
892 1534 1078 1593 aliquam
1115 1536 1352 1578 sententiae
1387 1542 1578 1594 partem,
1619 1536 1725 1580 duae
1763 1551 1833 1579 res
1874 1544 2063 1580 monent.
2122 1535 2179 1578 Et
2219 1536 2404 1593 primum
2444 1534 2637 1594 quidem,
2677 1533 2714 1576 si

409 1606 639 1664 superbam
667 1604 783 1662 regis
813 1604 1145 1647 dominationem
1175 1604 1239 1647 his
1270 1620 1443 1663 quoque
1469 1604 1632 1649 Caesar
1655 1605 1858 1648 voluisset
1880 1605 2084 1657 mandare
2098 1608 2356 1660 memoriae,
2386 1619 2473 1648 non
2499 1618 2712 1647 morosam

410 1690 506 1719 eam
547 1680 590 1719 et
628 1672 750 1731 quasi
790 1671 1013 1717 ridendam
1052 1673 1226 1730 tyranni
1266 1673 1510 1731 impotentis
1555 1673 1784 1731 imaginem
1831 1673 2070 1727 excitasset,
2119 1673 2193 1718 sed
2239 1673 2528 1730 arrogantiam
2574 1672 2712 1730 ipsam

410 1749 561 1801 aperte
597 1748 848 1785 accusasset.
910 1739 1113 1785 Ceterum
1148 1741 1249 1785 satis
1284 1747 1457 1786 notatur
1486 1742 1799 1800 spectaculum,
1837 1741 2031 1787 Romano
2062 1742 2233 1786 nomine
2261 1741 2503 1799 indignum,
2544 1746 2715 1785 senato·

409 1811 528 1856 ribus
568 1810 729 1856 Jubam
765 1809 983 1854 dominum
1018 1809 1334 1869 imperitantem
1371 1811 1738 1869 prosequentibus.
1798 1810 1971 1856 Deinde
2007 1825 2110 1856 vero
2141 1810 2293 1855 Uticae
2330 1824 2471 1868 neque
2508 1809 2591 1854 alio
2621 1808 2712 1853 ullo

409 1880 504 1924 loco
542 1879 808 1923 constituisse
846 1887 975 1938 atque
1012 1879 1288 1938 imperavisse
1316 1878 1477 1925 Jubam
1514 1894 1623 1938 quae
1659 1879 1752 1924 fieri
1781 1879 1934 1936 vellet,
1974 1879 2019 1923 id
2049 1880 2220 1938 quidem
2249 1880 2370 1924 nulla
2398 1886 2498 1939 eget
2526 1877 2716 1923 affirma-

408 1949 545 2005 tione,
576 1963 674 1990 cum
702 1949 747 1990 in
778 1948 984 2007 oppidum
1014 1948 1205 1994 invectus
1235 1948 1349 1992 idem
1379 1948 1555 1992 dicatur.
1615 1947 1710 1990 Hoc
1740 1947 2030 1991 desideramus
2060 1957 2103 1992 et
2133 1949 2415 2007 anquirimus‚
2456 1948 2610 2006 quibus
2639 1946 2714 1989 ille

408 2019 700 2077 imperaverit,
743 2034 854 2076 quae
883 2018 978 2061 fieri
1009 2018 1197 2072 volebat,
1239 2034 1265 2060 a
1295 2018 1471 2075 quibus,
1514 2033 1625 2075 quae
1654 2018 1744 2075 ipse
1774 2018 2077 2069 constituebat,
2123 2020 2271 2076 perfici
2300 2017 2496 2061 voluerit.
2554 2016 2715 2059 Emen-

409 2085 576 2131 dandus
604 2085 738 2145 igitur
766 2085 886 2131 locus
914 2086 974 2130 ita
1004 2084 1190 2142 videtur,
1228 2094 1275 2130 ut
1303 2102 1384 2145 pro
1406 2087 1567 2144 paucis
1596 2085 1738 2129 diebus
1766 2084 1964 2145 legamus
1994 2085 2048 2130 ab
2080 2086 2144 2130 his
2174 2086 2354 2138 duobus,
2394 2102 2453 2130 sc.
2483 2084 2588 2132 Ser..
2612 2082 2717 2131 Sul·

407 2156 520 2215 picio
550 2164 594 2200 et
621 2154 786 2200 Licinio
817 2155 1095 2215 Damasippo.
1155 2149 1280 2209 Quae
1310 2155 1391 2199 nisi
1421 2172 1524 2200 vera
1554 2163 1618 2199 est
1647 2154 1904 2211 emendatio,
1944 2173 2020 2200 cur
2049 2157 2199 2200 horum
2230 2157 2412 2200 maxime
2448 2154 2622 2200 nomina
2657 2169 2715 2198 ex

408 2233 657 2271 senatorum
696 2226 1046 2284 prosequentium
1088 2242 1266 2272 numero
1310 2224 1473 2271 Caesar
1512 2224 1752 2285 protulerit,
1792 2242 1880 2271 non
1920 2225 2127 2285 intelligo.
2193 2225 2348 2285 Neque
2390 2225 2504 2271 enim
2544 2223 2713 2284 magnis

409 2293 581 2341 eosdem
611 2295 741 2341 rebus
770 2295 901 2355 gestis
931 2294 1002 2341 vel
1032 2294 1125 2340 aliis
1153 2294 1348 2340 laudibus
1377 2294 1566 2355 insignes
1596 2294 1721 2340 fuisse
1744 2295 1928 2355 reperio.
1982 2294 2041 2340 Et
2065 2294 2118 2340 de
2144 2294 2300 2341 Servio
2325 2293 2517 2355 Sulpicio
2542 2293 2714 2354 quidem

407 2364 515 2408 nihil
543 2371 768 2425 praeterea
796 2371 1080 2421 memoratur3
1120 2364 1433 2425 Damasippum
1464 2371 1626 2420 autem,
1662 2364 1779 2408 cuius
1808 2364 1953 2409 liberis
1985 2364 2169 2421 Caesar,
2207 2379 2302 2409 cum
2334 2363 2503 2410 Uticam
2540 2370 2715 2409 conten-

349 2483 353 2487 ·
407 2433 565 2490 deret‚·
579 2434 711 2477 vitam
741 2434 968 2489 concessit,
998 2448 1095 2477 cum
1126 2433 1338 2493 Scipione¹
1359 2433 1542 2492 legimus
1571 2434 1648 2477 sub
1676 2433 1804 2477 finem
1834 2433 1937 2477 belli
1966 2434 2162 2477 Africani
2194 2436 2251 2490 (c.
2277 2435 2357 2492 96)
2386 2433 2440 2476 ad
2463 2432 2713 2492 Hipponem

406 2503 576 2562 regium
604 2502 827 2547 interiisse.
889 2502 1036 2562 Scipio
1066 2509 1230 2558 autem,
1269 2518 1296 2545 a
1326 2501 1492 2546 Catone
1521 2509 1669 2562 postea
1697 2501 1785 2545 dux
1814 2502 2181 2562 Pompejanorum
2210 2503 2254 2545 in
2282 2502 2434 2545 Africa
2462 2502 2714 2545 constitutus

406 2573 568 2616 socium
598 2572 702 2617 belli
731 2572 892 2617 Jubam
922 2572 1082 2616 habuit.
1142 2571 1271 2616 Unde
1300 2565 1515 2630 conjicere
1543 2572 1642 2616 licet
1668 2571 1761 2615 illos
1790 2572 1980 2627 interim,
2010 2580 2240 2632 antequam
2272 2572 2420 2631 Scipio
2450 2587 2547 2615 cum
2575 2572 2712 2630 majo-

406 2641 525 2685 ribus
555 2642 687 2701 copiis
716 2643 762 2685 in
791 2642 984 2685 Africam
1014 2641 1149 2693 venit,
1188 2657 1334 2686 rerum
1363 2641 1725 2701 Pompejanarum
1753 2641 1811 2684 ibi
1839 2656 1927 2685 non
1956 2642 2084 2685 modo
2118 2642 2253 2685 socios
2297 2656 2348 2684 ac
2381 2641 2589 2696 fautores,
2630 2641 2707 2685 sed

406 2710 698 2772 moderatores
733 2711 876 2755 fuisse.
938 2710 1068 2765 Quod
1097 2710 1133 2753 si
1163 2711 1443 2766 concesseris,
1480 2709 1595 2754 haud
1631 2711 1790 2768 inepte,
1827 2717 1952 2769 puto,
1990 2725 2041 2755 eo
2077 2711 2170 2769 ipso
2209 2710 2262 2754 de
2299 2725 2384 2768 quo
2422 2710 2566 2768 agitur
2602 2716 2713 2753 tem-

405 2793 514 2838 pore
559 2794 730 2840 regem,
778 2780 919 2824 deleto
960 2779 1160 2824 Curionis
1205 2780 1395 2823 exercitu
1441 2780 1640 2838 belloque
1674 2779 1901 2837 profligato
1944 2779 1989 2821 in
2032 2794 2214 2838 regnum
2257 2794 2381 2822 suum
2421 2794 2712 2835 reversurum,

406 2862 579 2893 omnem
607 2864 701 2894 rem
732 2850 886 2894 deinde
915 2850 1069 2894 Uticae
1099 2850 1476 2893 administrandam
1505 2849 1726 2892 mandasse
1755 2849 2063 2892 existimaveris
2100 2850 2166 2891 his
2203 2850 2306 2907 ipsis
2343 2849 2508 2892 duobus
2544 2856 2713 2892 senato-

404 2917 536 2961 ribus.
589 2914 703 2962 Nam
732 2919 877 2963 Attius
906 2918 1049 2965 Varus
1078 2919 1132 2962 ab
1163 2933 1215 2963 eo
1245 2912 1481 2963 contemtus
1512 2925 1594 2973 est,
1624 2919 1743 2975 cujus
1767 2932 1909 2975 neque
1933 2918 2124 2962 exercitu
2148 2932 2289 2975 neque
2311 2917 2493 2975 imperio
2515 2918 2562 2959 in
2584 2931 2712 2976 prae-

405 2980 542 3031 sentia
578 3001 688 3045 opus
722 2985 813 3031 fuit.
875 2987 1028 3034 Uticae
1065 3002 1170 3032 vero
1208 2987 1282 3045 qui
1318 2994 1414 3032 erat
1447 2994 1677 3033 conventus
1712 2986 1867 3030 civium
1896 2986 2189 3031 Romanorum
2223 3001 2321 3030 cum
2349 2992 2575 3045 suspectus
2604 2994 2715 3032 esset

372 3091 375 3093 v
405 3053 569 3111 Jubae,
606 3069 658 3100 ac
688 3054 898 3103 Caesaris
920 3057 1050 3102 rebus
1085 3055 1229 3116 palam
1244 3088 1247 3089 γ
1263 3057 1460 3103 faverent
1495 3049 1577 3117 ipsi
1605 3056 1827 3103 Uticenses
1858 3055 1935 3113 (cf.
1967 3072 2002 3100 c.
2034 3057 2116 3114 36)
2146 3084 2202 3090 -
2233 3054 2336 3115 quid
2365 3054 2484 3101 aliud
2514 3055 2714 3115 Sulpicio

405 3138 458 3168 ac
485 3122 753 3184 Damasippo
790 3126 873 3175 nisi
907 3126 990 3171 hoc
1021 3126 1278 3190 imperatum
1313 3127 1595 3187 suspicemur,
1635 3134 1681 3171 ut
1707 3126 1752 3169 in
1782 3125 1995 3171 consulari
2030 3126 2300 3182 auctoritate,
2336 3132 2469 3185 atque
2504 3126 2633 3172 etiam
2668 3126 2714 3170 in

405 3191 628 3239 dictatoria
649 3194 773 3254 quasi
800 3196 1022 3255 maiestate
1051 3196 1267 3242 constituti
1295 3197 1350 3242 ab
1379 3210 1486 3256 rege
1515 3196 1675 3242 victore
1703 3195 1860 3241 civium
1882 3195 2176 3241 Romanorum
2193 3195 2371 3241 ¹animos
2396 3195 2712 3252 confirmarent,

404 3259 695 3309 Uticensium
710 3263 852 3310 studia
884 3270 1050 3311 terrore
1083 3265 1365 3312 coercerent?
1423 3266 1523 3322 Qua
1558 3279 1605 3312 re
1640 3279 1726 3311 non
1763 3265 2011 3325 simpliciter
2038 3265 2221 3325 legimus
2251 3279 2484 3325 νιφοιιαωε
2510 3264 2585 3311 sed
2617 3281 2713 3311 ooa-
2737 3288 2741 3293 ⁴

404 3332 589 3376 mm&
627 3342 753 3393 atque
789 3334 1023 3394 imperasse
1062 3335 1243 3393 suham,
1288 3336 1343 3380 ab
1385 3337 1451 3382 his
1490 3336 1650 3383 duobus
1693 3351 1803 3395 quae
1837 3336 1943 3394 fier-i
1983 3335 2104 3380 vellet
2149 3335 2311 3382 Uticae.
2370 3335 2537 3381 Mutata
2578 3335 2711 3382 intet-

404 3402 635 3461 punctione
664 3403 725 3446 sic
752 3412 1026 3470 persanatum
1056 3407 1197 3451 locum
1226 3408 1372 3452 habes.
