3106 3693
1510 111 1575 160 12

382 266 543 316 mopsos
572 266 832 316 aspectare,
862 271 951 301 non
976 251 1125 302 'addito
1154 255 1273 316 quod
1302 259 1534 318 autquale
1563 259 1619 304 sit
1643 265 1816 320 tempus
1838 264 1883 304 et
1900 256 2220 318 qumhnbest
2242 264 2405 304 cutam
2430 259 2697 306 ndatimem.

380 325 644 385 Necmngis
672 326 844 369 videtur
872 325 1004 369 latine
1031 325 1116 368 dici
1154 335 1317 371 veum
1329 326 1985 388 Ζαιόοκαᾰωυρονιαωᾶιηιί
2005 325 2214 386 siquidem
2243 325 2698 388 aliudque-dm-

381 395 931 454 tusipsetransportatur.
993 394 1075 440 Sin
1113 409 1219 440 vero
1262 396 2002 456 inintellig-endasintearfflu
2026 394 2524 454 quac-sardicae
2530 409 2698 458 expet-

380 462 531 506 tabant
559 470 750 543 tempus,
781 478 868 523 quo
886 464 1004 507 venti
1034 472 1178 508 essent
1205 463 1391 511 leniores
1419 465 1554 510 futuri
1580 466 1766 524 ideoque
1792 462 2069 509 secundiores
2093 461 2363 520 Gaas-rianio
2383 464 2446 509 ad
2470 469 2697 525 transpor-

381 531 576 586 tandum,
607 532 732 578 nmis
762 532 872 576 dura
899 548 953 576 ea
982 533 1154 591 quidem
1183 534 1414 577 verborum
1445 534 1707 577 constructio
1723 540 1849 606 esset
1875 532 2019 592 neque
2047 532 2282 639 quidquam
2311 533 2554 593 elegantiae
2583 532 2696 579 Cae·

386 600 473 644 sari
503 602 729 645 consuetae
758 601 950 646 haberet.

1205 719 1319 770 Lib.
1355 719 1452 771 ΙΙΙ.
1489 737 1530 771 c.
1571 721 1661 782 38,
1700 722 1872 770 2--4.

467 842 615 906 Scipio
645 844 701 887 ad
731 844 998 904 sequendum
1027 852 1203 903 paratus
1233 830 1423 905 equitum
1453 856 1656 905 magnam
1683 851 1850 910 partem
1879 842 1935 888 ad
1964 843 2308 915 explorandum
2319 836 2403 889 iter
2431 836 2611 902 Domitii
2650 850 2695 889 et

471 903 819 972 cognoscendum
849 914 1082 973 praemisit.
1142 914 1231 970 Qui
1261 929 1356 958 cum
1388 920 1530 958 essent
1557 913 1791 974 progressi,
1819 913 2072 973 primaeque
2101 919 2269 966 turmae
2281 898 2470 980 insidias
2498 913 2695 959 intravis-

469 990 579 1037 sent,
615 997 672 1025 ex
702 982 875 1027 fremitu
906 977 1116 1041 equorum
1146 983 1280 1027 inlata
1308 983 1550 1041 suspicione
1594 983 1649 1028 ad
1684 997 1784 1026 suos
1821 997 1868 1026 se
1898 983 2093 1040 recipere
2121 988 2375 1049 coeperunt,
2411 970 2583 1045 quique
2611 980 2691 1028 hos

467 1041 759 1110 sequebantur
788 1051 972 1095 celerem
1003 1065 1154 1096 eorum
1183 1059 1405 1111 receptum
1435 1051 1668 1110 conspicati
1698 1051 1959 1095 restiterunt.
2019 1049 2166 1095 Nostri
2201 1051 2382 1113 cognitis
2422 1050 2643 1097 hostium
2630 1068 2695 1096 in-

469 1119 602 1176 sidiis,
626 1135 682 1163 ne
707 1120 864 1163 frustra
887 1120 1075 1179 reliquos
1099 1128 1412 1180 exspectarent,
1443 1121 1549 1165 duas
1573 1121 1697 1165 nacti.
1716 1127 1878 1163 turmas
1908 1126 2173 1178 exceperunt
2202 1120 2274 1176 (in
2299 1120 2366 1164 his
2392 1121 2473 1165 fuit
2499 1120 2560 1165 M.
2585 1120 2693 1181 Opi-

467 1188 591 1242 mius,
621 1188 866 1246 praefectus
897 1190 1131 1247 equitum),
1161 1189 1349 1247 reliquos
1379 1203 1527 1233 omnes
1557 1203 1706 1233 earum
1735 1195 1972 1233 turmarum
2002 1195 2076 1232 aut
2104 1189 2414 1233 interfecerunt
2437 1197 2512 1269 aut
2547 1197 2694 1249 captos

467 1256 523 1300 ad
554 1256 793 1301 Domitium
822 1256 1109 1302 deduxerunt.

523 1349 710 1408 Coynitis
742 1351 963 1395 hostium
991 1351 1164 1395 insidiis
1194 1366 1315 1404 mss.;
1347 1351 1516 1395 inclusit
1545 1351 1725 1394 hostium
1747 1349 2052 1409 Nipperdeius,
2083 1348 2210 1407 ejecit
2232 1349 2519 1402 Hofmannus,
2551 1365 2695 1395 emen-

378 1418 565 1462 dandam
597 1419 744 1478 potius
773 1434 867 1464 esse
904 1435 1054 1464 vocem
1095 1418 1342 1464 videbimus.
1402 1420 1574 1463 Primae
1609 1420 1740 1478 igitur
1777 1426 1944 1463 turmae
1983 1418 2199 1478 equitum,
2238 1432 2348 1478 quae
2386 1419 2534 1479 plures
2573 1427 2695 1464 erant

378 1501 508 1545 quam
539 1488 673 1544 duae,
704 1489 973 1532 intraverunt
1002 1489 1199 1544 insidias;
1233 1514 1287 1521 —
1324 1490 1463 1547 major
1491 1504 1590 1548 pars
1620 1489 1772 1548 procul
1801 1488 2069 1547 sequentium
2099 1494 2224 1532 extra
2259 1488 2499 1548 periculum
2527 1489 2695 1533 restitit.

383 1557 447 1600 At
475 1557 715 1616 primarum
746 1559 967 1601 turbarum
997 1560 1192 1618 integrae
1222 1558 1333 1602 duae
1365 1566 1572 1618 exceptae
1602 1566 1713 1613 sunt,
1743 1558 1909 1617 reliqua
1938 1571 2053 1617 pars,
2084 1566 2178 1601 cum
2208 1558 2265 1601 ad
2294 1572 2394 1602 suos
2424 1572 2471 1602 se
2499 1559 2704 1620 recipere¹

383 1625 568 1685 dispersi
598 1627 703 1685 fuga
746 1629 1010 1687 coepissent,
1047 1635 1121 1670 aut
1148 1627 1362 1671 interfecti
1391 1635 1467 1671 aut
1498 1628 1623 1687 capti.
1681 1627 1735 1670 In
1766 1627 1816 1669 iis
1847 1627 1919 1686 qui
1949 1628 2120 1686 excepti
2156 1635 2256 1670 sunt
2284 1628 2364 1673 fuit
2393 1628 2452 1670 M.
2484 1627 2696 1687 Opimius,

377 1697 629 1754 praefectus
661 1697 872 1755 equitum,
903 1697 976 1756 qui
1007 1697 1180 1741 duxisse
1216 1712 1371 1756 agmen
1403 1697 1655 1756 cogitandus
1695 1705 1767 1739 est.
1829 1695 2125 1756 Opponuntur
2163 1697 2295 1756 igitur
2337 1697 2515 1756 „reliqui
2546 1712 2695 1741 omnes

376 1781 527 1810 earum
559 1772 825 1811 turmarum“
858 1768 1037 1827 integris
1065 1767 1148 1810 illis
1180 1766 1366 1823 duabus,
1397 1782 1509 1826 quae
1540 1775 1748 1827 exceptae
1778 1776 1895 1822 sunt,
1927 1767 2098 1818 turmis;
2138 1782 2246 1826 quos
2286 1774 2430 1810 autem
2466 1774 2565 1812 ante
2595 1768 2697 1811 dicit

376 1835 561 1894 reliquos
592 1843 673 1887 (ne
689 1837 874 1894 fmstra
904 1837 1087 1896 reliquos
1120 1843 1450 1895 eoespectarent),
1482 1836 1511 1877 ii
1542 1844 1641 1879 sunt
1669 1837 1740 1894 qui
1765 1844 1863 1895 post
1881 1837 2040 1895 primas
2062 1844 2223 1879 turmas
2247 1837 2452 1880 restitisse
2477 1838 2696 1895 leguntur,

377 1905 563 1949 celerem
593 1921 744 1949 eorum
776 1913 1003 1965 receptum
1034 1906 1278 1965 conspicati.
1337 1906 1391 1948 In
1424 1906 1489 1949 his
1521 1922 1616 1949 cum
1648 1906 1791 1948 omnia
1820 1906 1905 1948 sint
1933 1906 2079 1965 plana,
2109 1921 2240 1949 unum
2271 1905 2548 1962 desideratur,
2576 1906 2695 1964 quod

377 1974 548 2035 reliqui,
580 1976 653 2032 qui
682 1975 828 2033 priore
843 1975 939 2019 loco
969 1975 1258 2034 appellantur,
1288 1991 1373 2019 non
1405 1975 1564 2019 habent
1594 1975 1637 2017 in
1668 1975 2019 2019 antecedentibus
2040 1974 2296 2018 vocabulum
2320 1974 2576 2033 oppositum,
2606 1991 2694 2033 quo

375 2044 620 2087 referantur
650 2058 787 2102 eaque
817 2044 1026 2089 relatione
1050 2044 1151 2088 satis
1182 2044 1376 2088 distincte
1400 2044 1747 2088 internoscantur
1777 2061 1802 2087 a
1826 2043 2019 2103 reliquis,
2049 2043 2288 2102 posteriore
2310 2043 2406 2088 loco
2431 2044 2696 2102 significatis.

375 2111 476 2156 Jam
506 2127 604 2156 cum
635 2113 838 2167 hostium,
869 2120 1073 2172 corrupta
1108 2114 1233 2157 lectio
1264 2113 1479 2168 codicum,
1514 2113 1688 2157 defendi
1717 2113 1837 2156 nulla
1865 2113 2030 2157 ratione
2058 2113 2205 2171 possit,
2235 2113 2373 2170 ejecto
2404 2120 2544 2157 autem
2569 2128 2694 2157 voca-

377 2180 479 2224 bulo
504 2181 728 2237 efficiatur,
760 2191 807 2226 ut
836 2185 973 2226 nostri
1001 2183 1200 2226 dicantur
1227 2182 1400 2225 insidias
1431 2183 1696 2241 cognovisse,
1728 2182 1841 2226 haud
1871 2189 2048 2237 temere,
2078 2188 2197 2240 puto,
2228 2197 2370 2240 neque
2400 2182 2695 2241 imprudenter

376 2250 579 2294 faciemus
609 2251 864 2295 scribentes:

465 2341 613 2385 Nostri
644 2343 826 2401 cognitis
855 2344 945 2387 hos
970 2346 1080 2401 jam
1110 2345 1285 2399 insidiis,
1317 2360 1371 2388 ne
1399 2345 1560 2387 frustra
1589 2344 1777 2401 reliquos
1807 2350 2125 2402 exspectarent,
2157 2343 2261 2386 duas
2292 2343 2403 2385 nacti
2427 2349 2587 2386 turmas
2618 2358 2691 2387 ex-

471 2418 681 2471 ceperunt
712 2412 783 2470 (in
813 2412 878 2455 his
908 2413 988 2457 fuit
1017 2413 1076 2456 M.
1109 2413 1306 2473 Opimius
1336 2414 1577 2473 praefectus
1607 2413 1848 2471 equitum),
1878 2412 2068 2472 reliquos
2098 2427 2246 2456 omnes
2277 2427 2423 2456 earum
2453 2419 2691 2456 turmarum

467 2482 778 2525 interfecerunt
809 2490 883 2525 aut
913 2497 947 2525 c.
979 2500 1018 2526 a.
1049 2484 1106 2526 D.
1137 2484 1423 2527 deduxerunt.

521 2572 685 2618 Sensus
716 2574 831 2617 enim
862 2574 931 2617 hic
962 2582 1047 2619 est·
1079 2577 1215 2620 nostri
1246 2577 1336 2629 hos,
1369 2576 1394 2619 i.
1428 2591 1462 2620 e.
1493 2575 1650 2634 primas
1680 2582 1856 2630 turmas,
1877 2577 2046 2633 partim
2075 2581 2350 2653 exceperunt
2368 2576 2434 2633 (et
2464 2574 2569 2619 duas
2600 2574 2696 2636 qui-

376 2643 476 2685 dem
506 2643 621 2685 nacti
651 2651 751 2685 sunt
780 2647 979 2702 turmas),
1004 2648 1182 2704 partim,
1214 2646 1314 2689 dum
1345 2646 1407 2688 illi
1437 2659 1529 2688 sese
1561 2645 1759 2688 celeriter
1790 2644 1843 2687 ad
1873 2659 1971 2687 suos
2001 2644 2206 2703 recipere
2219 2651 2447 2699 conantur,
2478 2651 2551 2687 aut
2579 2644 2687 2689 inte-

372 2712 570 2755 fecerunt
601 2720 677 2755 aut
715 2720 863 2773 captos
895 2713 948 2756 ad
978 2714 1213 2758 Domitium
1244 2715 1528 2759 deduxerunt.

515 2816 606 2860 Cur
637 2817 696 2859 M.
727 2816 905 2875 Opimio
937 2820 1023 2875 (ex
1052 2819 1266 2862 sententia
1295 2817 1664 2875 Freudenbergii)
1696 2832 1783 2859 non
1808 2817 1978 2860 licuerit
2001 2819 2045 2859 in
2075 2817 2124 2859 iis
2150 2832 2256 2872 esse,
2288 2818 2359 2874 qui
2388 2818 2558 2875 excepti
2582 2825 2695 2872 sunt,

301 2879 311 2887 ’
373 2885 449 2929 sed
478 2899 652 2929 necesse
689 2886 820 2930 fuerit
851 2901 948 2930 cum
993 2888 1217 2945 perpaucis
1248 2888 1352 2946 fuga
1381 2886 1562 2930 salutem
1592 2885 1801 2944 reperire,
1838 2901 1926 2929 non
1955 2886 2109 2944 liquet,
2140 2885 2391 2944 praesertim
2421 2901 2518 2929 cum
2548 2902 2697 2930 earum

373 2962 609 3011 turmarum
638 2956 794 3015 reliqui
837 2973 986 3002 omnes
1016 2964 1189 3016 praeter
1219 2965 1422 3016 exceptos
1451 2956 1548 3000 illos
1571 2963 1644 3000 aut
1665 2956 1891 3012 interfecti,
1921 2964 1995 3000 aut
2019 2955 2133 3014 capti
2158 2955 2254 3012 sint,
2284 2971 2409 3000 nemo
2430 2956 2562 3015 igitur
2584 2956 2697 3000 salu-

373 3032 459 3068 tem
490 3027 743 3083 reppererit.
774 3027 927 3081 'Quod
949 3026 1263 3087 autemattinet
1292 3026 1346 3069 ad
1375 3041 1448 3070 eos
1470 3026 1599 3080 locos,
1630 3026 1781 3084 quibus
1810 3025 1993 3069 laudatis
2010 3025 2285 3069 Hofmannus
2314 3032 2495 3069 conatur
2521 3025 2697 3070 demon-

373 3101 532 3148 strare,
573 3095 780 3140 ablativos
821 3097 1039 3141 absolutos
1077 3098 1255 3154 coquitis
1294 3096 1466 3140 insidiis
1506 3110 1631 3153 posse
1672 3096 1725 3139 de
1762 3095 1954 3139 hostibus
1992 3093 2197 3153 intelligi,
2232 3094 2332 3138 licet
2370 3110 2466 3153 cum
2496 3094 2694 3153 subjecto

372 3165 505 3206 nostri
536 3165 804 3221 conjunctos,
836 3166 871 3208 'ii
898 3166 981 3210 loci
1012 3180 1161 3210 omnes
1191 3165 1352 3209 faciunt
1382 3180 1480 3208 cum
1507 3172 1652 3208 nostra
1675 3164 1999 3219 emendatione,
2031 3164 2147 3223 quod
2166 3164 2361 3207 omnibus
2382 3164 2471 3208 istis
2496 3164 2695 3208 ablativis

373 3232 629 3291 adjungitur
662 3235 894 3290 arctissime
936 3251 1061 3279 suum
1106 3235 1261 3292 cuique
1300 3233 1528 3313 personale
1560 3235 1803 3292 objectum,
1841 3233 1896 3277 ad
1927 3233 2042 3292 quod
2079 3232 2294 3278 referatur
2328 3233 2437 3276 actio
2470 3248 2543 3288 ea,
2583 3248 2697 3292 quae

372 3303 505 3346 verbo
547 3303 672 3346 inest.
744 3303 811 3348 Cf.
850 3305 890 3348 b.
929 3322 972 3364 g.
1005 3305 1083 3360 II,
1115 3308 1163 3359 4,
1202 3306 1227 3346 2
1269 3306 1344 3363 qui
1382 3330 1460 3355 -‚
1503 3306 1614 3347 omni
1657 3303 1813 3348 Gallia
1852 3313 2069 3354 vexata,
2116 3302 2378 3346 Teutonos
2425 3304 2541 3346 intra
2583 3303 2697 3363 fines

372 3388 470 3415 suos
505 3374 676 3432 inqredi
703 3375 1104 3432 prohibita-inuh.
1146 3374 1284 3418 c.11.
1326 3377 1402 3428 14,
1444 3375 1470 3416 6
1506 3373 1739 3433 reliquos
1780 3373 1985 3432 infecta
2015 3390 2080 3425 re,
2127 3401 2177 3410 -
2216 3372 2503 3431 reppulerunt.
2588 3372 2694 3419 Sall.

372 3443 578 3502 Jug.10,
613 3447 631 3485 1
666 3459 739 3503 eqo
772 3470 828 3477 —
859 3454 925 3497 te,
964 3448 1161 3489 amisso
1183 3453 1335 3503 patre,
1366 3446 1412 3487 in
1443 3459 1577 3487 meum
1607 3460 1782 3504 requam
1815 3446 1973 3503 accepi.
